@article{Nelson,
  title   = "{The Power of Spiritual Momentum}",
  author  = {Nelson, Russell M.},
  journal = {General Conference of The Church of Jesus Christ of Latter-Day Saints},
  year    = {2022}
}

@article{Bray,
  author  = {Bray, Nancy},
  journal = {NASA},
  title   = {Science},
  year    = {2015}
}

@article{Newton,
  author  = {Newton, Isaac},
  journal = {Londini},
  title   = "{Philosophiae Naturalis Principia Mathematica}",
  volume  = {Apud G. and J. Innys},
  year    = {1726}
}

@article{Smith,
  author  = {Smith, George E.},
  journal = {Physics Today},
  number  = {59},
  title   = "{The Vis Viva Dispute: A Controversy at the Dawn of Dynamics}",
  volume  = {October Issue 10},
  year    = {2006}
}

@book{Einstein1,
  author    = {Einstein, Albert},
  editor    = {},
  publisher = {Annalen der Physik 17},
  title     = "{On the Electrodynamics of Moving Bodies}",
  year      = {1905}
}

@article{Nelson2,
  author          = {Nelson, Russell M.},
  journal         = {General Conference of The Church of Jesus Christ of Latter-Day Saints},
  number          = {},
  title           = "{Drawing the Power of Jesus Christ into Our Lives}",
  volume          = {},
  year            = {2017}
}

@article{Nelson3,
  author          = {Nelson, Russell M.},
  journal         = {General Conference of The Church of Jesus Christ of Latter-Day Saints},
  number          = {},
  title           = "{Overcome the World and Find Rest}",
  volume          = {},
  year            = {2022}
}

@book{Franklin,
  author         = {Franklin, Aaron D.},
  editor         = {},
  publisher      = {BYU RSC, Deseret Book Co.},
  title          = "{The Spiritual Physics of Light: How We See, Feel, and Know Truth}",
  year           = {2021}
}

@book{Jackson,
  author         = {Jackson, John D.},
  editor         = {},
  publisher      = {John Wiley and Sons},
  title          = "{Special Theory of Relativity: Classical Electrodynamics}",
  year           = {1999}
}

@article{Renlund,
  author          = {Renlund, Daryl G},
  journal         = {General Conference of the Church of Jesus Christ of Latter-Day Saints},
  number          = {},
  title           = "{The Powerful, Virtuous Cycle of the Doctrine of Christ}",
  volume          = {},
  year            = {2024}
}

@article{Wood,
  author          = {Wood, Milly},
  journal         = {Liahona, Young Adult Weekly},
  number          = {},
  title           = "{How Can I Keep the Sacredness of the Temple with Me Every Day?}",
  volume          = {August},
  year            = {2024}
}

@article{Anonymous,
  author          = {Anonymous},
  journal         = {Liahona},
  number          = {},
  title           = "{Overcoming Spiritual Aimlessness-- What Do I Do now?}",
  volume          = {January},
  year            = {2024}
}

@book{Res.etal,
  author         = {R. Resnick, R. Eisberg},
  editor         = {},
  publisher      = {John Wiley and Sons},
  title          = "{Quantum Physics of Atoms, Molecules, Solids, Nuclei, and Particles (2nd Edition)}",
  year           = {1985}
}

@misc{LibreT,
  author       = {NICE CXone Expert, Department of Education Open Textbook Pilot},
  howpublished = {\url{https://phys.libretexts.org/}},
  title        = "{LibreTexts Physics}",
  year         = {2020}
}

@book{Meyer,
  author         = {Meyer, Stephen C.},
  editor         = {},
  publisher      = {HarperOne},
  title          = "{Return of The God Hypothesis: Three Scientific Discoveries that Reveal the Mind Behind the Universe}",
  year           = {2020}
}