@ONLINE{siena,
  author = {John Moustakas, Dustin Lang},
  title = {Siena Galaxy Atlas 2020},
  url = {https://www.legacysurvey.org/sga/sga2020/},
  urldate = {March 2024},
  year = {2020/2023}
}


@ARTICLE{2024AstL...,
       author = {{Mosenkov}, A.V. and {Bahr}, S.K.H. and {Reshetnikov}, V.P. and {SHakespear}, Z. and {Smirnov}, D.V.},
        title = "{Occurence Rate of Polar Ring Galaxies}",
      journal = {\al},
     keywords = {galaxies; bulges; interacting galaxies; morphology; Astrophysics - Astrophyiscs of Galaxies; Astrophysics - Cosmology and Nongalactic Astrophysics},
         year = 2024,
       month = {March}
}

@ARTICLE{2019AstL...45..565R,
       author = {{Reshetnikov}, V.~P. and {Usachev}, P.~A. and {Savchenko}, S.~S.},
        title = "{Edge-on Galaxies in the Hubble Ultra Deep Field}",
      journal = {Astronomy Letters},
     keywords = {galaxies, photometry, evolution, Astrophysics - Astrophysics of Galaxies},
         year = 2019,
        month = sep,
       volume = {45},
       number = {9},
        pages = {565-575},
          doi = {10.1134/S1063773719090044},
archivePrefix = {arXiv},
       eprint = {1910.08017},
 primaryClass = {astro-ph.GA},
       adsurl = {https://ui.adsabs.harvard.edu/abs/2019AstL...45..565R},
      adsnote = {Provided by the SAO/NASA Astrophysics Data System}
}

@ARTICLE{2011MNRAS.418..244M,
       author = {{Moiseev}, Alexei V. and {Smirnova}, Ksenia I. and {Smirnova}, Aleksandrina A. and {Reshetnikov}, Vladimir P.},
        title = "{A new catalogue of polar-ring galaxies selected from the Sloan Digital Sky Survey}",
      journal = {\mnras},
     keywords = {galaxies: interactions, galaxies: kinematics and dynamics, galaxies: peculiar, Astrophysics - Cosmology and Nongalactic Astrophysics},
         year = 2011,
        month = nov,
       volume = {418},
       number = {1},
        pages = {244-257},
          doi = {10.1111/j.1365-2966.2011.19479.x},
archivePrefix = {arXiv},
       eprint = {1107.1966},
 primaryClass = {astro-ph.CO},
       adsurl = {https://ui.adsabs.harvard.edu/abs/2011MNRAS.418..244M},
      adsnote = {Provided by the SAO/NASA Astrophysics Data System}
}

@ARTICLE{1990AJ....100.1489W,
       author = {{Whitmore}, Bradley C. and {Lucas}, Ray A. and {McElroy}, Douglas B. and {Steiman-Cameron}, Thomas Y. and {Sackett}, Penny D. and {Olling}, Rob P.},
        title = "{New Observations and a Photographic Atlas of Polar-Ring Galaxies}",
      journal = {\aj},
     keywords = {Astronomical Catalogs, Astronomical Photography, Galactic Evolution, Galactic Structure, Ring Galaxies, Astronomical Models, Chaos, Interacting Galaxies, Spiral Galaxies, Astronomy, GALAXIES: INTERACTIONS},
         year = 1990,
        month = nov,
       volume = {100},
        pages = {1489},
          doi = {10.1086/115614},
       adsurl = {https://ui.adsabs.harvard.edu/abs/1990AJ....100.1489W},
      adsnote = {Provided by the SAO/NASA Astrophysics Data System}
}

@ARTICLE{2002AJ....124.1810S,
       author = {{Strauss}, Michael A. and {Weinberg}, David H. and {Lupton}, Robert H. and {Narayanan}, Vijay K. and {Annis}, James and {Bernardi}, Mariangela and {Blanton}, Michael and {Burles}, Scott and {Connolly}, A.~J. and {Dalcanton}, Julianne and {Doi}, Mamoru and {Eisenstein}, Daniel and {Frieman}, Joshua A. and {Fukugita}, Masataka and {Gunn}, James E. and {Ivezi{\'c}}, {\v{Z}}eljko and {Kent}, Stephen and {Kim}, Rita S.~J. and {Knapp}, G.~R. and {Kron}, Richard G. and {Munn}, Jeffrey A. and {Newberg}, Heidi Jo and {Nichol}, R.~C. and {Okamura}, Sadanori and {Quinn}, Thomas R. and {Richmond}, Michael W. and {Schlegel}, David J. and {Shimasaku}, Kazuhiro and {SubbaRao}, Mark and {Szalay}, Alexander S. and {Vanden Berk}, Dan and {Vogeley}, Michael S. and {Yanny}, Brian and {Yasuda}, Naoki and {York}, Donald G. and {Zehavi}, Idit},
        title = "{Spectroscopic Target Selection in the Sloan Digital Sky Survey: The Main Galaxy Sample}",
      journal = {\aj},
     keywords = {Galaxies: Distances and Redshifts, Galaxies: Photometry, Surveys, Astrophysics},
         year = 2002,
        month = sep,
       volume = {124},
       number = {3},
        pages = {1810-1824},
          doi = {10.1086/342343},
archivePrefix = {arXiv},
       eprint = {astro-ph/0206225},
 primaryClass = {astro-ph},
       adsurl = {https://ui.adsabs.harvard.edu/abs/2002AJ....124.1810S},
      adsnote = {Provided by the SAO/NASA Astrophysics Data System}
}

@ARTICLE{2000AJ....120.1579Y,
       author = {{York}, Donald G. and {Adelman}, J. and {Anderson}, John E., Jr. and {Anderson}, Scott F. and {Annis}, James and {Bahcall}, Neta A. and {Bakken}, J.~A. and {Barkhouser}, Robert and {Bastian}, Steven and {Berman}, Eileen and {Boroski}, William N. and {Bracker}, Steve and {Briegel}, Charlie and {Briggs}, John W. and {Brinkmann}, J. and {Brunner}, Robert and {Burles}, Scott and {Carey}, Larry and {Carr}, Michael A. and {Castander}, Francisco J. and {Chen}, Bing and {Colestock}, Patrick L. and {Connolly}, A.~J. and {Crocker}, J.~H. and {Csabai}, Istv{\'a}n and {Czarapata}, Paul C. and {Davis}, John Eric and {Doi}, Mamoru and {Dombeck}, Tom and {Eisenstein}, Daniel and {Ellman}, Nancy and {Elms}, Brian R. and {Evans}, Michael L. and {Fan}, Xiaohui and {Federwitz}, Glenn R. and {Fiscelli}, Larry and {Friedman}, Scott and {Frieman}, Joshua A. and {Fukugita}, Masataka and {Gillespie}, Bruce and {Gunn}, James E. and {Gurbani}, Vijay K. and {de Haas}, Ernst and {Haldeman}, Merle and {Harris}, Frederick H. and {Hayes}, J. and {Heckman}, Timothy M. and {Hennessy}, G.~S. and {Hindsley}, Robert B. and {Holm}, Scott and {Holmgren}, Donald J. and {Huang}, Chi-hao and {Hull}, Charles and {Husby}, Don and {Ichikawa}, Shin-Ichi and {Ichikawa}, Takashi and {Ivezi{\'c}}, {\v{Z}}eljko and {Kent}, Stephen and {Kim}, Rita S.~J. and {Kinney}, E. and {Klaene}, Mark and {Kleinman}, A.~N. and {Kleinman}, S. and {Knapp}, G.~R. and {Korienek}, John and {Kron}, Richard G. and {Kunszt}, Peter Z. and {Lamb}, D.~Q. and {Lee}, B. and {Leger}, R. French and {Limmongkol}, Siriluk and {Lindenmeyer}, Carl and {Long}, Daniel C. and {Loomis}, Craig and {Loveday}, Jon and {Lucinio}, Rich and {Lupton}, Robert H. and {MacKinnon}, Bryan and {Mannery}, Edward J. and {Mantsch}, P.~M. and {Margon}, Bruce and {McGehee}, Peregrine and {McKay}, Timothy A. and {Meiksin}, Avery and {Merelli}, Aronne and {Monet}, David G. and {Munn}, Jeffrey A. and {Narayanan}, Vijay K. and {Nash}, Thomas and {Neilsen}, Eric and {Neswold}, Rich and {Newberg}, Heidi Jo and {Nichol}, R.~C. and {Nicinski}, Tom and {Nonino}, Mario and {Okada}, Norio and {Okamura}, Sadanori and {Ostriker}, Jeremiah P. and {Owen}, Russell and {Pauls}, A. George and {Peoples}, John and {Peterson}, R.~L. and {Petravick}, Donald and {Pier}, Jeffrey R. and {Pope}, Adrian and {Pordes}, Ruth and {Prosapio}, Angela and {Rechenmacher}, Ron and {Quinn}, Thomas R. and {Richards}, Gordon T. and {Richmond}, Michael W. and {Rivetta}, Claudio H. and {Rockosi}, Constance M. and {Ruthmansdorfer}, Kurt and {Sandford}, Dale and {Schlegel}, David J. and {Schneider}, Donald P. and {Sekiguchi}, Maki and {Sergey}, Gary and {Shimasaku}, Kazuhiro and {Siegmund}, Walter A. and {Smee}, Stephen and {Smith}, J. Allyn and {Snedden}, S. and {Stone}, R. and {Stoughton}, Chris and {Strauss}, Michael A. and {Stubbs}, Christopher and {SubbaRao}, Mark and {Szalay}, Alexander S. and {Szapudi}, Istvan and {Szokoly}, Gyula P. and {Thakar}, Anirudda R. and {Tremonti}, Christy and {Tucker}, Douglas L. and {Uomoto}, Alan and {Vanden Berk}, Dan and {Vogeley}, Michael S. and {Waddell}, Patrick and {Wang}, Shu-i. and {Watanabe}, Masaru and {Weinberg}, David H. and {Yanny}, Brian and {Yasuda}, Naoki and {SDSS Collaboration}},
        title = "{The Sloan Digital Sky Survey: Technical Summary}",
      journal = {\aj},
     keywords = {Cosmology: Observations, Instrumentation: Miscellaneous, Astrophysics},
         year = 2000,
        month = sep,
       volume = {120},
       number = {3},
        pages = {1579-1587},
          doi = {10.1086/301513},
archivePrefix = {arXiv},
       eprint = {astro-ph/0006396},
 primaryClass = {astro-ph},
       adsurl = {https://ui.adsabs.harvard.edu/abs/2000AJ....120.1579Y},
      adsnote = {Provided by the SAO/NASA Astrophysics Data System}
}

@ARTICLE{2019MNRAS.486..390B,
       author = {{Bottrell}, Connor and {Simard}, Luc and {Mendel}, J. Trevor and {Ellison}, Sara L.},
        title = "{Bulge plus disc and S{\'e}rsic decomposition catalogues for 16 908 galaxies in the SDSS Stripe 82 co-adds: a detailed study of the ugriz structural measurements}",
      journal = {\mnras},
     keywords = {catalogues, surveys, galaxies: general, galaxies: photometry, galaxies: fundamental parameters, galaxies: structure, Astrophysics - Astrophysics of Galaxies},
         year = 2019,
        month = jun,
       volume = {486},
       number = {1},
        pages = {390-413},
          doi = {10.1093/mnras/stz855},
archivePrefix = {arXiv},
       eprint = {1903.09068},
 primaryClass = {astro-ph.GA},
       adsurl = {https://ui.adsabs.harvard.edu/abs/2019MNRAS.486..390B},
      adsnote = {Provided by the SAO/NASA Astrophysics Data System}
}

@ARTICLE{1978ApJ...226L.115B,
       author = {{Bertola}, F. and {Galletta}, G.},
        title = "{A new type of galaxy with prolate structure.}",
      journal = {\apjl},
     keywords = {Astronomical Spectroscopy, Cosmic Dust, Galactic Structure, Prolateness, Dynamic Characteristics, Line Spectra, Morphology, Radio Sources (Astronomy), Astrophysics, Galaxies:Structure},
         year = 1978,
        month = dec,
       volume = {226},
        pages = {L115-L118},
          doi = {10.1086/182844},
       adsurl = {https://ui.adsabs.harvard.edu/abs/1978ApJ...226L.115B},
      adsnote = {Provided by the SAO/NASA Astrophysics Data System}
}

@ARTICLE{1985MNRAS.214..177S,
       author = {{Sadler}, E.~M. and {Gerhard}, O.~E.},
        title = "{How common are 'dust-lanes' in early-type galaxies ?}",
      journal = {\mnras},
     keywords = {Astronomical Catalogs, Cosmic Dust, Elliptical Galaxies, Galactic Evolution, Mass Distribution, Astronomical Photometry, Axes Of Rotation, Disk Galaxies, Magnitude, Astrophysics},
         year = 1985,
        month = may,
       volume = {214},
        pages = {177-187},
          doi = {10.1093/mnras/214.2.177},
       adsurl = {https://ui.adsabs.harvard.edu/abs/1985MNRAS.214..177S},
      adsnote = {Provided by the SAO/NASA Astrophysics Data System}
}

@ARTICLE{2016MNRAS.456.1359F,
       author = {{Fliri}, J{\"u}rgen and {Trujillo}, Ignacio},
        title = "{The IAC Stripe 82 Legacy Project: a wide-area survey for faint surface brightness astronomy}",
      journal = {\mnras},
     keywords = {atlases, catalogues, surveys, stars: general, galaxies: general, galaxies: interactions, Astrophysics - Astrophysics of Galaxies},
         year = 2016,
        month = feb,
       volume = {456},
       number = {2},
        pages = {1359-1373},
          doi = {10.1093/mnras/stv2686},
archivePrefix = {arXiv},
       eprint = {1603.04474},
 primaryClass = {astro-ph.GA},
       adsurl = {https://ui.adsabs.harvard.edu/abs/2016MNRAS.456.1359F},
      adsnote = {Provided by the SAO/NASA Astrophysics Data System}
}

@ARTICLE{2019AJ....157..168D,
       author = {{Dey}, Arjun and {Schlegel}, David J. and {Lang}, Dustin and {Blum}, Robert and {Burleigh}, Kaylan and {Fan}, Xiaohui and {Findlay}, Joseph R. and {Finkbeiner}, Doug and {Herrera}, David and {Juneau}, St{\'e}phanie and {Landriau}, Martin and {Levi}, Michael and {McGreer}, Ian and {Meisner}, Aaron and {Myers}, Adam D. and {Moustakas}, John and {Nugent}, Peter and {Patej}, Anna and {Schlafly}, Edward F. and {Walker}, Alistair R. and {Valdes}, Francisco and {Weaver}, Benjamin A. and {Y{\`e}che}, Christophe and {Zou}, Hu and {Zhou}, Xu and {Abareshi}, Behzad and {Abbott}, T.~M.~C. and {Abolfathi}, Bela and {Aguilera}, C. and {Alam}, Shadab and {Allen}, Lori and {Alvarez}, A. and {Annis}, James and {Ansarinejad}, Behzad and {Aubert}, Marie and {Beechert}, Jacqueline and {Bell}, Eric F. and {BenZvi}, Segev Y. and {Beutler}, Florian and {Bielby}, Richard M. and {Bolton}, Adam S. and {Brice{\~n}o}, C{\'e}sar and {Buckley-Geer}, Elizabeth J. and {Butler}, Karen and {Calamida}, Annalisa and {Carlberg}, Raymond G. and {Carter}, Paul and {Casas}, Ricard and {Castander}, Francisco J. and {Choi}, Yumi and {Comparat}, Johan and {Cukanovaite}, Elena and {Delubac}, Timoth{\'e}e and {DeVries}, Kaitlin and {Dey}, Sharmila and {Dhungana}, Govinda and {Dickinson}, Mark and {Ding}, Zhejie and {Donaldson}, John B. and {Duan}, Yutong and {Duckworth}, Christopher J. and {Eftekharzadeh}, Sarah and {Eisenstein}, Daniel J. and {Etourneau}, Thomas and {Fagrelius}, Parker A. and {Farihi}, Jay and {Fitzpatrick}, Mike and {Font-Ribera}, Andreu and {Fulmer}, Leah and {G{\"a}nsicke}, Boris T. and {Gaztanaga}, Enrique and {George}, Koshy and {Gerdes}, David W. and {Gontcho}, Satya Gontcho A. and {Gorgoni}, Claudio and {Green}, Gregory and {Guy}, Julien and {Harmer}, Diane and {Hernandez}, M. and {Honscheid}, Klaus and {Huang}, Lijuan Wendy and {James}, David J. and {Jannuzi}, Buell T. and {Jiang}, Linhua and {Joyce}, Richard and {Karcher}, Armin and {Karkar}, Sonia and {Kehoe}, Robert and {Kneib}, Jean-Paul and {Kueter-Young}, Andrea and {Lan}, Ting-Wen and {Lauer}, Tod R. and {Le Guillou}, Laurent and {Le Van Suu}, Auguste and {Lee}, Jae Hyeon and {Lesser}, Michael and {Perreault Levasseur}, Laurence and {Li}, Ting S. and {Mann}, Justin L. and {Marshall}, Robert and {Mart{\'\i}nez-V{\'a}zquez}, C.~E. and {Martini}, Paul and {du Mas des Bourboux}, H{\'e}lion and {McManus}, Sean and {Meier}, Tobias Gabriel and {M{\'e}nard}, Brice and {Metcalfe}, Nigel and {Mu{\~n}oz-Guti{\'e}rrez}, Andrea and {Najita}, Joan and {Napier}, Kevin and {Narayan}, Gautham and {Newman}, Jeffrey A. and {Nie}, Jundan and {Nord}, Brian and {Norman}, Dara J. and {Olsen}, Knut A.~G. and {Paat}, Anthony and {Palanque-Delabrouille}, Nathalie and {Peng}, Xiyan and {Poppett}, Claire L. and {Poremba}, Megan R. and {Prakash}, Abhishek and {Rabinowitz}, David and {Raichoor}, Anand and {Rezaie}, Mehdi and {Robertson}, A.~N. and {Roe}, Natalie A. and {Ross}, Ashley J. and {Ross}, Nicholas P. and {Rudnick}, Gregory and {Safonova}, Sasha and {Saha}, Abhijit and {S{\'a}nchez}, F. Javier and {Savary}, Elodie and {Schweiker}, Heidi and {Scott}, Adam and {Seo}, Hee-Jong and {Shan}, Huanyuan and {Silva}, David R. and {Slepian}, Zachary and {Soto}, Christian and {Sprayberry}, David and {Staten}, Ryan and {Stillman}, Coley M. and {Stupak}, Robert J. and {Summers}, David L. and {Sien Tie}, Suk and {Tirado}, H. and {Vargas-Maga{\~n}a}, Mariana and {Vivas}, A. Katherina and {Wechsler}, Risa H. and {Williams}, Doug and {Yang}, Jinyi and {Yang}, Qian and {Yapici}, Tolga and {Zaritsky}, Dennis and {Zenteno}, A. and {Zhang}, Kai and {Zhang}, Tianmeng and {Zhou}, Rongpu and {Zhou}, Zhimin},
        title = "{Overview of the DESI Legacy Imaging Surveys}",
      journal = {\aj},
     keywords = {catalogs, surveys, Astrophysics - Instrumentation and Methods for Astrophysics},
         year = 2019,
        month = may,
       volume = {157},
       number = {5},
          eid = {168},
        pages = {168},
          doi = {10.3847/1538-3881/ab089d},
archivePrefix = {arXiv},
       eprint = {1804.08657},
 primaryClass = {astro-ph.IM},
       adsurl = {https://ui.adsabs.harvard.edu/abs/2019AJ....157..168D},
      adsnote = {Provided by the SAO/NASA Astrophysics Data System}
}

@ARTICLE{2022PASJ...74..247A,
       author = {{Aihara}, Hiroaki and {AlSayyad}, Yusra and {Ando}, Makoto and {Armstrong}, Robert and {Bosch}, James and {Egami}, Eiichi and {Furusawa}, Hisanori and {Furusawa}, Junko and {Harasawa}, Sumiko and {Harikane}, Yuichi and {Hsieh}, Bau-Ching and {Ikeda}, Hiroyuki and {Ito}, Kei and {Iwata}, Ikuru and {Kodama}, Tadayuki and {Koike}, Michitaro and {Kokubo}, Mitsuru and {Komiyama}, Yutaka and {Li}, Xiangchong and {Liang}, Yongming and {Lin}, Yen-Ting and {Lupton}, Robert H. and {Lust}, Nate B. and {MacArthur}, Lauren A. and {Mawatari}, Ken and {Mineo}, Sogo and {Miyatake}, Hironao and {Miyazaki}, Satoshi and {More}, Surhud and {Morishima}, Takahiro and {Murayama}, Hitoshi and {Nakajima}, Kimihiko and {Nakata}, Fumiaki and {Nishizawa}, Atsushi J. and {Oguri}, Masamune and {Okabe}, Nobuhiro and {Okura}, Yuki and {Ono}, Yoshiaki and {Osato}, Ken and {Ouchi}, Masami and {Pan}, Yen-Chen and {Plazas Malag{\'o}n}, Andr{\'e}s A. and {Price}, Paul A. and {Reed}, Sophie L. and {Rykoff}, Eli S. and {Shibuya}, Takatoshi and {Simunovic}, Mirko and {Strauss}, Michael A. and {Sugimori}, Kanako and {Suto}, Yasushi and {Suzuki}, Nao and {Takada}, Masahiro and {Takagi}, Yuhei and {Takata}, Tadafumi and {Takita}, Satoshi and {Tanaka}, Masayuki and {Tang}, Shenli and {Taranu}, Dan S. and {Terai}, Tsuyoshi and {Toba}, Yoshiki and {Turner}, Edwin L. and {Uchiyama}, Hisakazu and {Vijarnwannaluk}, Bovornpratch and {Waters}, Christopher Z. and {Yamada}, Yoshihiko and {Yamamoto}, Naoaki and {Yamashita}, Takuji},
        title = "{Third data release of the Hyper Suprime-Cam Subaru Strategic Program}",
      journal = {\pasj},
     keywords = {astronomical databases: miscellaneous, cosmology: observations, galaxies: general, surveys, Astrophysics - Instrumentation and Methods for Astrophysics, Astrophysics - Cosmology and Nongalactic Astrophysics, Astrophysics - Astrophysics of Galaxies},
         year = 2022,
        month = apr,
       volume = {74},
       number = {2},
        pages = {247-272},
          doi = {10.1093/pasj/psab122},
archivePrefix = {arXiv},
       eprint = {2108.13045},
 primaryClass = {astro-ph.IM},
       adsurl = {https://ui.adsabs.harvard.edu/abs/2022PASJ...74..247A},
      adsnote = {Provided by the SAO/NASA Astrophysics Data System}
}

%Introduction: Added by NONNIE

@ARTICLE{2015AstL...41..748R,
       author = {{Reshetnikov}, V.P. and {Savchenko}, S.S and {Mosenkov}, A.V. and {Sotnikova}, N. Ya and {Bizyaev}, D.V.},
        title = "{Polar-bulge galaxies}",
      journal = {\al},
     keywords = {galaxies; bulges; interacting galaxies; morphology; Astrophysics - Astrophyiscs of Galaxies; Astrophysics - Cosmology and Nongalactic Astrophysics},
         year = 2015,
        month = dec,
       volume = {41},
       number = {12},
        pages = {748-756},
          doi = {10.1134/S1063773715120117},
archivePrefix = {arXiv},
       eprint = {1511.05416},
 primaryClass = {astro-ph.GA},
       adsurl = {https://ui.adsabs.harvard.edu/abs/2015AstL...41..748R/abstract},
      adsnote = {Provided by the SAO/NASA Astrophysics Data System}
}

@ARTICLE{1999ApJ...519L.127B,
       author = {{Bertola}, F and {Corsini}, E.M. and {Beltr{\'a}n}, J.C. Vega and {Pizzella}, A. and {Sarzi}, M. and {Cappellari}, M. and {Funes}, S.J. and {J.G.}},
        title = "{The Bulge-Disk Orthogonal Decoupling in Galaxies: NGC 4698}",
      journal = {\aj},
     keywords = {GALAXIES: FORMATION; GALAXIES: INDIVIDUAL: NGC NUMBER: NGC 4698; GALAXIES: KINEMATICS AND DYNAMICS; GALAXIES: SPIRAL; GALAXIES: STRUCTURE; Galaxies: Formation; Galaxies: Individual: NGC Number: NGC 4698; Galaxies: Kinematics and Dynamics; Galaxies: Spiral; Galaxies: Structure; Astrophysics},
         year = 1999,
        month = jul,
       volume = {519},
       number = {2},
        pages = {L127-L130},
          doi = {10.1086/312111},
archivePrefix = {arXiv},
       eprint = {9905169},
 primaryClass = {astro-ph.GA},
       adsurl = {https://ui.adsabs.harvard.edu/abs/1999ApJ...519L.127B/abstract},
      adsnote = {Provided by the SAO/NASA Astrophysics Data System}
}

@ARTICLE{2021MNRAS.506.5030M,
       author = {{Mart{\'i}nez-Delgado}, David and {Rom{\'a}n} Javier and {Erkal}, Denis and {Schirmer}, Mischa and {Roca-F{\`a}brega}, Santi and {Laine}, Seppo and {Donatiello}, Giuseppe and {Jimenez}, Manuel and {Malin}, David and {Carballo-Bellow}, Julio A.},
        title = "{A feather on the hat: tracing the giant stellar stream around the Sombrero galaxy}",
      journal = {\mnras},
     keywords = {galaxies: formation; galaxies: haloes; galaxies: individual: M104; galaxies: interaction; Astrophysics - Astrophysics of Galaxies},
         year = 2021,
        month = oct,
       volume = {506},
       number = {4},
        pages = {5030-5038},
          doi = {10.1093/mnras/stab1874},
archivePrefix = {},
       eprint = {},
 primaryClass = {astro-ph.GA},
       adsurl = {https://ui.adsabs.harvard.edu/abs/2021MNRAS.506.5030M/abstract},
      adsnote = {Provided by the SAO/NASA Astrophysics Data System}
}

@ARTICLE{2019ApJ...883L..32V,
       author = {{vanDokkum}, Pieter and {Gilhuly}, Colleen and {Bonaca}, Ana and {Merritt}, Allison and {Danieli}, Shany and {Lokhorst}, Debora and {Abraham}, Roberto and {Conroy}, Charlie and {Greco}, Johnny P.},
        title = "{Dragonfly Imaging of the Galaxy NGC 5907: A Different View of the Iconic Stellar Stream}",
      journal = {\ajl},
     keywords = {Tidal disruption; Dwarf galaxies; Low surface brightness galaxies; 1696; 416; 940; Astrophysics - Astrophysics of Galaxies},
         year = 2019,
        month = oct,
       volume = {883},
       number = {2},
        pages = {2019},
          doi = {10.3847/2041-8213/ab40c9},
archivePrefix = {arXiv},
       eprint = {},
 primaryClass = {astro-ph.GA},
       adsurl = {https://ui.adsabs.harvard.edu/abs/2019ApJ...883L..32V/abstract},
      adsnote = {Provided by the SAO/NASA Astrophysics Data System}
}

@ARTICLE{1997AJ....114..115W,
       author = {{Wehrle}, Ann E. and {Keel}, William C. and {Jones}, Dayton L.},
        title = "{The Nature of the Optical "Jets" in the Spiral Galaxy NGC 1097}",
      journal = {\aj},
     keywords = {GALAXIES: INDIVIDUAL: NGC 1097; GALAXIES: JETS; GALAXIES: SPIRAL},
         year = 1997,
        month = jul,
       volume = {114},
       number = {},
        pages = {115},
          doi = {10.1086/118458},
archivePrefix = {arXiv},
       eprint = {},
 primaryClass = {astro-ph.GA},
       adsurl = {https://ui.adsabs.harvard.edu/abs/1997AJ....114..115W/abstract},
      adsnote = {Provided by the SAO/NASA Astrophysics Data System}
}

@ARTICLE{2019hsax.conf.....M,
       author = {{Montesino}, B and {Asensio Ramos}, and {Buitrago}, F and {Scho\"odel}, R and {Villaver}, E and {P\'erez-Hoyos}, S and {Ord\'o\~nez-Etxeberria}, I},
        title = "{Highlights on Spanish Astrophysics X}",
      journal = {\sea},
         year = 2018,
        month = jul,
archivePrefix = {arXiv},
       eprint = {},
 primaryClass = {astro-ph.GA},
       adsurl = {https://ui.adsabs.harvard.edu/abs/2019hsax.conf.....M/abstract},
      adsnote = {Provided by the SAO/NASA Astrophysics Data System}
}


@ARTICLE{2004A&A...415...63M,
       author = {{M{\"o}llenhoff}, C.},
        title = "{Disk-bulge decompositions of spiral galaxies in UBVRI}",
      journal = {\aap},
     keywords = {galaxies: spiral, galaxies: structure, galaxies: photometry, galaxies: fundamental parameters, galaxies: statistics, galaxies: formation},
         year = 2004,
        month = feb,
       volume = {415},
        pages = {63-76},
          doi = {10.1051/0004-6361:20034122},
       adsurl = {https://ui.adsabs.harvard.edu/abs/2004A&A...415...63M},
      adsnote = {Provided by the SAO/NASA Astrophysics Data System}
}

@ARTICLE{1979ApJ...231..680T,
       author = {{Thuan}, T.~X. and {Seitzer}, P.~O.},
        title = "{An H I survey of Nilson dwarf galaxies. II. Statistical properties.}",
      journal = {\apj},
     keywords = {Galactic Structure, Hydrogen Atoms, Line Spectra, Microwave Spectra, Radio Sources (Astronomy), Statistical Analysis, Density Distribution, Luminosity, Radio Astronomy, Space Density, Tables (Data), Astrophysics, Dwarf Galaxies:Neutral Hydrogen, Dwarf Galaxies:Statistics, Dwarf Galaxies:Surveys},
         year = 1979,
        month = aug,
       volume = {231},
        pages = {680-687},
          doi = {10.1086/157232},
       adsurl = {https://ui.adsabs.harvard.edu/abs/1979ApJ...231..680T},
      adsnote = {Provided by the SAO/NASA Astrophysics Data System}
}

@ARTICLE{2022arXiv220812943M,
       author = {{Mosenkov}, Aleksandr V. and {Reshetnikov}, Vladimir P. and {Skryabina}, Maria N. and {Shakespear}, Zacory},
        title = "{Unveiling the nature of polar-ring galaxies from deep imaging}",
      journal = {arXiv e-prints},
     keywords = {Astrophysics - Astrophysics of Galaxies},
         year = 2022,
        month = aug,
          eid = {arXiv:2208.12943},
        pages = {arXiv:2208.12943},
archivePrefix = {arXiv},
       eprint = {2208.12943},
 primaryClass = {astro-ph.GA},
       adsurl = {https://ui.adsabs.harvard.edu/abs/2022arXiv220812943M},
      adsnote = {Provided by the SAO/NASA Astrophysics Data System}
}

@ARTICLE{2003A&A...401..817B,
       author = {{Bournaud}, F. and {Combes}, F.},
        title = "{Formation of polar ring galaxies}",
      journal = {\aap},
     keywords = {galaxies: formation, galaxies: kinematics and dynamics, Astrophysics},
         year = 2003,
        month = apr,
       volume = {401},
        pages = {817-833},
          doi = {10.1051/0004-6361:20030150},
archivePrefix = {arXiv},
       eprint = {astro-ph/0301391},
 primaryClass = {astro-ph},
       adsurl = {https://ui.adsabs.harvard.edu/abs/2003A&A...401..817B},
      adsnote = {Provided by the SAO/NASA Astrophysics Data System}
}

@article{reshetnikov2011polar,
  title={Polar-ring galaxies: New candidates and statistics},
  author={Reshetnikov, VP and Fa{\'u}ndez-Abans, M and de Oliveira-Abans, M},
  journal={Astronomy Letters},
  volume={37},
  pages={171--180},
  year={2011},
  publisher={Springer}
}

@article{mosenkov2022unveiling,
  title={Unveiling the nature of polar-ring galaxies from deep imaging},
  author={Mosenkov, Aleksandr V and Reshetnikov, Vladimir P and Skryabina, Maria N and Shakespear, Zacory},
  journal={Research in Astronomy and Astrophysics},
  volume={22},
  number={11},
  pages={115003},
  year={2022},
  publisher={IOP Publishing}
}

@article{bekki1997formation,
  title={Formation of polar ring s0 galaxies in dissipative galaxy mergers},
  author={Bekki, Kenji},
  journal={The Astrophysical Journal},
  volume={490},
  number={1},
  pages={L37},
  year={1997},
  publisher={IOP Publishing}
}

@article{bekki1998formation,
  title={Formation of a Polar Ring Galaxy in a Galaxy Merger},
  author={Bekki, Kenji},
  journal={The Astrophysical Journal},
  volume={499},
  number={2},
  pages={635},
  year={1998},
  publisher={IOP Publishing}
}

@article{schweizer1983colliding,
  title={Colliding and merging galaxies. II-S0 galaxies with polar rings},
  author={Schweizer, Francois and Whitmore, Bradley C and Rubin, VC},
  journal={The Astronomical Journal},
  volume={88},
  pages={909--925},
  year={1983}
}


@article{abraham2014ultra,
  title={Ultra--low surface brightness imaging with the dragonfly telephoto array},
  author={Abraham, Roberto G and van Dokkum, Pieter G},
  journal={Publications of the Astronomical Society of the Pacific},
  volume={126},
  number={935},
  pages={55},
  year={2014},
  publisher={IOP Publishing}
}

@ARTICLE{1978AJ.....83.1360S,
       author = {{Schechter}, P.~L. and {Gunn}, J.~E.},
        title = "{NGC 2685: spindle or pancake?}",
      journal = {\aj},
     keywords = {Astronomical Spectroscopy, Galactic Structure, Interstellar Gas, Gas Flow, Red Shift, Stellar Motions, Astrophysics, Galaxies:Internal Motions, Galaxies:Spectra, Galaxies:Stellar Orbits},
         year = 1978,
        month = nov,
       volume = {83},
        pages = {1360-1362},
          doi = {10.1086/112324},
       adsurl = {https://ui.adsabs.harvard.edu/abs/1978AJ.....83.1360S},
      adsnote = {Provided by the SAO/NASA Astrophysics Data System}
}

@ARTICLE{1983AJ.....88..909S,
       author = {{Schweizer}, F. and {Whitmore}, B.~C. and {Rubin}, V.~C.},
        title = "{Colliding and merging galaxies. II. SO galaxies with polar rings.}",
      journal = {\aj},
     keywords = {Astronomical Spectroscopy, Disk Galaxies, Galactic Evolution, Galactic Structure, Astronomical Photography, Galactic Rotation, Mass To Light Ratios, Mass Transfer, Precession, Astrophysics},
         year = 1983,
        month = jul,
       volume = {88},
        pages = {909-925},
          doi = {10.1086/113377},
       adsurl = {https://ui.adsabs.harvard.edu/abs/1983AJ.....88..909S},
      adsnote = {Provided by the SAO/NASA Astrophysics Data System}
}

@ARTICLE{2020MNRAS.497.2039M,
       author = {{Mosenkov}, Aleksandr V. and {Smirnov}, Anton A. and {Sil'chenko}, Olga K. and {Rich}, R. Michael and {Reshetnikov}, Vladimir P. and {Kormendy}, John},
        title = "{Tilted outer and inner structures in edge-on galaxies?}",
      journal = {\mnras},
     keywords = {galaxies: evolution, galaxies: formation, galaxies: haloes, galaxies: interactions, galaxies: photometry, galaxies: structure, Astrophysics - Astrophysics of Galaxies},
         year = 2020,
        month = sep,
       volume = {497},
       number = {2},
        pages = {2039-2056},
          doi = {10.1093/mnras/staa1885},
archivePrefix = {arXiv},
       eprint = {2006.14896},
 primaryClass = {astro-ph.GA},
       adsurl = {https://ui.adsabs.harvard.edu/abs/2020MNRAS.497.2039M},
      adsnote = {Provided by the SAO/NASA Astrophysics Data System}
}

@ARTICLE{2012MNRAS.423L..79C,
       author = {{Corsini}, E.~M. and {M{\'e}ndez-Abreu}, J. and {Pastorello}, N. and {Dalla Bont{\`a}}, E. and {Morelli}, L. and {Beifiori}, A. and {Pizzella}, A. and {Bertola}, F.},
        title = "{Polar bulges and polar nuclear discs: the case of NGC 4698}",
      journal = {\mnras},
     keywords = {galaxies: bulges, galaxies: formation, galaxies: individual: NGC 4698, galaxies: photometry, galaxies: spiral, galaxies: structure, Astrophysics - Cosmology and Nongalactic Astrophysics},
         year = 2012,
        month = jun,
       volume = {423},
       number = {1},
        pages = {L79-L83},
          doi = {10.1111/j.1745-3933.2012.01261.x},
archivePrefix = {arXiv},
       eprint = {1204.2265},
 primaryClass = {astro-ph.CO},
       adsurl = {https://ui.adsabs.harvard.edu/abs/2012MNRAS.423L..79C},
      adsnote = {Provided by the SAO/NASA Astrophysics Data System}
}

@ARTICLE{1997A&A...325..933R,
       author = {{Reshetnikov}, V. and {Sotnikova}, N.},
        title = "{Global structure and formation of polar-ring galaxies.}",
      journal = {\aap},
     keywords = {GALAXIES: INTERACTIONS, KINEMATICS AND DYNAMICS, PECULIAR, STRUCTURE, DARK MATTER, Astrophysics},
         year = 1997,
        month = sep,
       volume = {325},
        pages = {933-942},
          doi = {10.48550/arXiv.astro-ph/9704047},
archivePrefix = {arXiv},
       eprint = {astro-ph/9704047},
 primaryClass = {astro-ph},
       adsurl = {https://ui.adsabs.harvard.edu/abs/1997A&A...325..933R},
      adsnote = {Provided by the SAO/NASA Astrophysics Data System}
}

@ARTICLE{2020MNRAS.494.1751M,
       author = {{Mosenkov}, Aleksandr and {Rich}, R. Michael and {Koch}, Andreas and {Brosch}, Noah and {Thilker}, David and {Rom{\'a}n}, Javier and {M{\"u}ller}, Oliver and {Smirnov}, Anton and {Usachev}, Pavel},
        title = "{The haloes and environments of nearby galaxies (HERON) - II. The outer structure of edge-on galaxies}",
      journal = {\mnras},
     keywords = {galaxies: structure, galaxies: evolution, galaxies: photometry, galaxies: formation, galaxies: haloes, galaxies: interactions, Astrophysics - Astrophysics of Galaxies},
         year = 2020,
        month = may,
       volume = {494},
       number = {2},
        pages = {1751-1770},
          doi = {10.1093/mnras/staa678},
archivePrefix = {arXiv},
       eprint = {2003.03392},
 primaryClass = {astro-ph.GA},
       adsurl = {https://ui.adsabs.harvard.edu/abs/2020MNRAS.494.1751M},
      adsnote = {Provided by the SAO/NASA Astrophysics Data System}
}

@ARTICLE{2019A&A...632L..13M,
       author = {{M{\"u}ller}, Oliver and {Vudragovi{\'c}}, Ana and {B{\'\i}lek}, Michal},
        title = "{Hunting ghosts: the iconic stellar stream(s) around NGC 5907 under scrutiny}",
      journal = {\aap},
     keywords = {galaxies: individual: NGC 5907, galaxies: formation, techniques: image processing, galaxies: interactions, galaxies: structure, Astrophysics - Astrophysics of Galaxies},
         year = 2019,
        month = dec,
       volume = {632},
          eid = {L13},
        pages = {L13},
          doi = {10.1051/0004-6361/201937077},
archivePrefix = {arXiv},
       eprint = {1911.12577},
 primaryClass = {astro-ph.GA},
       adsurl = {https://ui.adsabs.harvard.edu/abs/2019A&A...632L..13M},
      adsnote = {Provided by the SAO/NASA Astrophysics Data System}
}

@ARTICLE{2016ApJ...823...19C,
       author = {{Crnojevi{\'c}}, D. and {Sand}, D.~J. and {Spekkens}, K. and {Caldwell}, N. and {Guhathakurta}, P. and {McLeod}, B. and {Seth}, A. and {Simon}, J.~D. and {Strader}, J. and {Toloba}, E.},
        title = "{The Extended Halo of Centaurus A: Uncovering Satellites, Streams, and Substructures}",
      journal = {\apj},
     keywords = {galaxies: dwarf, galaxies: groups: individual: CenA, galaxies: halos, galaxies: photometry, Astrophysics - Astrophysics of Galaxies},
         year = 2016,
        month = may,
       volume = {823},
       number = {1},
          eid = {19},
        pages = {19},
          doi = {10.3847/0004-637X/823/1/19},
archivePrefix = {arXiv},
       eprint = {1512.05366},
 primaryClass = {astro-ph.GA},
       adsurl = {https://ui.adsabs.harvard.edu/abs/2016ApJ...823...19C},
      adsnote = {Provided by the SAO/NASA Astrophysics Data System}
}

@ARTICLE{2010AJ....140..962M,
       author = {{Mart{\'\i}nez-Delgado}, David and {Gabany}, R. Jay and {Crawford}, Ken and {Zibetti}, Stefano and {Majewski}, Steven R. and {Rix}, Hans-Walter and {Fliri}, J{\"u}rgen and {Carballo-Bello}, Julio A. and {Bardalez-Gagliuffi}, Daniella C. and {Pe{\~n}arrubia}, Jorge and {Chonis}, Taylor S. and {Madore}, Barry and {Trujillo}, Ignacio and {Schirmer}, Mischa and {McDavid}, David A.},
        title = "{Stellar Tidal Streams in Spiral Galaxies of the Local Volume: A Pilot Survey with Modest Aperture Telescopes}",
      journal = {\aj},
     keywords = {dark matter, galaxies: dwarf, galaxies: evolution, galaxies: halos, galaxies: interactions, galaxies: structure, Astrophysics - Cosmology and Nongalactic Astrophysics, Astrophysics - Astrophysics of Galaxies, Astrophysics - Instrumentation and Methods for Astrophysics},
         year = 2010,
        month = oct,
       volume = {140},
       number = {4},
        pages = {962-967},
          doi = {10.1088/0004-6256/140/4/962},
archivePrefix = {arXiv},
       eprint = {1003.4860},
 primaryClass = {astro-ph.CO},
       adsurl = {https://ui.adsabs.harvard.edu/abs/2010AJ....140..962M},
      adsnote = {Provided by the SAO/NASA Astrophysics Data System}
}

@ARTICLE{2023A&A...671A.141M,
       author = {{Mart{\'\i}nez-Delgado}, David and {Cooper}, Andrew P. and {Rom{\'a}n}, Javier and {Pillepich}, Annalisa and {Erkal}, Denis and {Pearson}, Sarah and {Moustakas}, John and {Laporte}, Chervin F.~P. and {Laine}, Seppo and {Akhlaghi}, Mohammad and {Lang}, Dustin and {Makarov}, Dmitry and {Borlaff}, Alejandro S. and {Donatiello}, Giuseppe and {Pearson}, William J. and {Mir{\'o}-Carretero}, Juan and {Cuillandre}, Jean-Charles and {Dom{\'\i}nguez}, Helena and {Roca-F{\`a}brega}, Santi and {Frenk}, Carlos S. and {Schmidt}, Judy and {G{\'o}mez-Flechoso}, Mar{\'\i}a A. and {Guzman}, Rafael and {Libeskind}, Noam I. and {Dey}, Arjun and {Weaver}, Benjamin A. and {Schlegel}, David and {Myers}, Adam D. and {Valdes}, Frank G.},
        title = "{Hidden depths in the local Universe: The Stellar Stream Legacy Survey}",
      journal = {\aap},
     keywords = {galaxies: interactions, galaxies: dwarf, galaxies: formation, surveys, Astrophysics - Astrophysics of Galaxies},
         year = 2023,
        month = mar,
       volume = {671},
          eid = {A141},
        pages = {A141},
          doi = {10.1051/0004-6361/202245011},
archivePrefix = {arXiv},
       eprint = {2104.06071},
 primaryClass = {astro-ph.GA},
       adsurl = {https://ui.adsabs.harvard.edu/abs/2023A&A...671A.141M},
      adsnote = {Provided by the SAO/NASA Astrophysics Data System}
}

@ARTICLE{2014MNRAS.441.2650K,
       author = {{Khoperskov}, S.~A. and {Moiseev}, A.~V. and {Khoperskov}, A.~V. and {Saburova}, A.~S.},
        title = "{To be or not to be oblate: the shape of the dark matter halo in polar ring galaxies}",
      journal = {\mnras},
     keywords = {galaxies: evolution, galaxies: haloes, galaxies: kinematics and dynamics, Astrophysics - Astrophysics of Galaxies, Astrophysics - Cosmology and Nongalactic Astrophysics},
         year = 2014,
        month = jul,
       volume = {441},
       number = {3},
        pages = {2650-2662},
          doi = {10.1093/mnras/stu692},
archivePrefix = {arXiv},
       eprint = {1404.1247},
 primaryClass = {astro-ph.GA},
       adsurl = {https://ui.adsabs.harvard.edu/abs/2014MNRAS.441.2650K},
      adsnote = {Provided by the SAO/NASA Astrophysics Data System}
}

@ARTICLE{2015BaltA..24...76M,
       author = {{Moiseev}, A. and {Khoperskov}, S. and {Khoperskov}, A. and {Smirnova}, K. and {Smirnova}, A. and {Saburova}, A. and {Reshetnikov}, V.},
        title = "{Structure and kinematics of polar ring galaxies: new observations and estimation of the dark halo shape}",
      journal = {Baltic Astronomy},
     keywords = {galaxies: peculiar, galaxies: kinematics and dynamics, galaxies:  evolution, structure, Astrophysics - Astrophysics of Galaxies},
         year = 2015,
        month = jan,
       volume = {24},
        pages = {76-83},
          doi = {10.1515/astro-2017-0205},
archivePrefix = {arXiv},
       eprint = {1410.3607},
 primaryClass = {astro-ph.GA},
       adsurl = {https://ui.adsabs.harvard.edu/abs/2015BaltA..24...76M},
      adsnote = {Provided by the SAO/NASA Astrophysics Data System}
}

@ARTICLE{2012MNRAS.425.1967S,
       author = {{Snaith}, O.~N. and {Gibson}, B.~K. and {Brook}, C.~B. and {Knebe}, A. and {Thacker}, R.~J. and {Quinn}, T.~R. and {Governato}, F. and {Tissera}, P.~B.},
        title = "{The halo shape and evolution of polar disc galaxies}",
      journal = {\mnras},
     keywords = {galaxies: evolution, galaxies: formation, galaxies: haloes, galaxies: interactions, galaxies: structure, Astrophysics - Astrophysics of Galaxies, Astrophysics - Cosmology and Nongalactic Astrophysics},
         year = 2012,
        month = sep,
       volume = {425},
       number = {3},
        pages = {1967-1979},
          doi = {10.1111/j.1365-2966.2012.21518.x},
archivePrefix = {arXiv},
       eprint = {1206.5570},
 primaryClass = {astro-ph.GA},
       adsurl = {https://ui.adsabs.harvard.edu/abs/2012MNRAS.425.1967S},
      adsnote = {Provided by the SAO/NASA Astrophysics Data System}
}

@ARTICLE{2003ApJ...585..730I,
       author = {{Iodice}, E. and {Arnaboldi}, M. and {Bournaud}, F. and {Combes}, F. and {Sparke}, L.~S. and {van Driel}, W. and {Capaccioli}, M.},
        title = "{Polar Ring Galaxies and the Tully-Fisher Relation: Implications for the Dark Halo Shape}",
      journal = {\apj},
     keywords = {Galaxies: Kinematics and Dynamics, Galaxies: Peculiar, Astrophysics},
         year = 2003,
        month = mar,
       volume = {585},
       number = {2},
        pages = {730-738},
          doi = {10.1086/346107},
archivePrefix = {arXiv},
       eprint = {astro-ph/0211281},
 primaryClass = {astro-ph},
       adsurl = {https://ui.adsabs.harvard.edu/abs/2003ApJ...585..730I},
      adsnote = {Provided by the SAO/NASA Astrophysics Data System}
}

@ARTICLE{1996A&A...305..763C,
       author = {{Combes}, F. and {Arnaboldi}, M.},
        title = "{The dark halo of polar-ring galaxy NGC 4650a: flattened towards the polar ring?}",
      journal = {\aap},
     keywords = {GALAXIES: HALOS, INDIVIDUAL: NGC 4650A, KINEMATICS AND DYNAMICS, PECULIAR, STRUCTURE, DARK MATTER},
         year = 1996,
        month = jan,
       volume = {305},
        pages = {763},
       adsurl = {https://ui.adsabs.harvard.edu/abs/1996A&A...305..763C},
      adsnote = {Provided by the SAO/NASA Astrophysics Data System}
}

@ARTICLE{1987ApJ...314..439W,
       author = {{Whitmore}, Bradley C. and {McElroy}, Douglas B. and {Schweizer}, Francois},
        title = "{The Shape of the Dark Halo in Polar-Ring Galaxies}",
      journal = {\apj},
     keywords = {Astronomical Photometry, Galactic Evolution, Galactic Structure, Halos, Ring Galaxies, Emission Spectra, Mass Transfer, Nebulae, Stellar Motions, Astrophysics, GALAXIES: INTERNAL MOTIONS, GALAXIES: EVOLUTION, GALAXIES: INDIVIDUAL NGC NUMBER: NGC 4650A, GALAXIES: INDIVIDUAL ALPHANUMERIC: ESO 0415-G26, GALAXIES: PHOTOMETRY, GALAXIES: STRUCTURE},
         year = 1987,
        month = mar,
       volume = {314},
        pages = {439},
          doi = {10.1086/165077},
       adsurl = {https://ui.adsabs.harvard.edu/abs/1987ApJ...314..439W},
      adsnote = {Provided by the SAO/NASA Astrophysics Data System}
}

@ARTICLE{1994ApJ...436..629S,
       author = {{Sackett}, Penny D. and {Rix}, Hans-Walter and {Jarvis}, Brian J. and {Freeman}, Kenneth C.},
        title = "{The Flattened Dark Halo of Polar Ring Galaxy NGC 4650A: A Conspiracy of Shapes?}",
      journal = {\apj},
     keywords = {Astronomical Photometry, Dark Matter, Disk Galaxies, Galactic Halos, Galactic Rotation, Kinematics, Ring Galaxies, Stellar Luminosity, Astrodynamics, Galactic Mass, Mass Distribution, Astrophysics, COSMOLOGY: DARK MATTER, GALAXIES: INDIVIDUAL NGC NUMBER: NGC 4650A, GALAXIES: KINEMATICS AND DYNAMICS, GALAXIES: PHOTOMETRY, Astrophysics},
         year = 1994,
        month = dec,
       volume = {436},
        pages = {629},
          doi = {10.1086/174938},
archivePrefix = {arXiv},
       eprint = {astro-ph/9406015},
 primaryClass = {astro-ph},
       adsurl = {https://ui.adsabs.harvard.edu/abs/1994ApJ...436..629S},
      adsnote = {Provided by the SAO/NASA Astrophysics Data System}
}

@ARTICLE{2008ApJ...689..678B,
       author = {{Brook}, Chris B. and {Governato}, Fabio and {Quinn}, Thomas and {Wadsley}, James and {Brooks}, Alyson M. and {Willman}, Beth and {Stilp}, Adrienne and {Jonsson}, Patrik},
        title = "{The Formation of Polar Disk Galaxies}",
      journal = {\apj},
     keywords = {cosmology: theory, galaxies: evolution, galaxies: formation, Astrophysics},
         year = 2008,
        month = dec,
       volume = {689},
       number = {2},
        pages = {678-686},
          doi = {10.1086/591489},
archivePrefix = {arXiv},
       eprint = {0802.1051},
 primaryClass = {astro-ph},
       adsurl = {https://ui.adsabs.harvard.edu/abs/2008ApJ...689..678B},
      adsnote = {Provided by the SAO/NASA Astrophysics Data System}
}

@ARTICLE{1998ApJ...499..635B,
       author = {{Bekki}, Kenji},
        title = "{Formation of a Polar Ring Galaxy in a Galaxy Merger}",
      journal = {\apj},
     keywords = {Galaxies: Interactions, Galaxies: Kinematics and Dynamics, Galaxies: Structure, Astrophysics},
         year = 1998,
        month = may,
       volume = {499},
       number = {2},
        pages = {635-649},
          doi = {10.1086/305680},
archivePrefix = {arXiv},
       eprint = {astro-ph/9804220},
 primaryClass = {astro-ph},
       adsurl = {https://ui.adsabs.harvard.edu/abs/1998ApJ...499..635B},
      adsnote = {Provided by the SAO/NASA Astrophysics Data System}
}

@ARTICLE{2011MNRAS.412..208F,
       author = {{Finkelman}, Ido and {Graur}, Or and {Brosch}, Noah},
        title = "{A candidate polar-ring galaxy in the Subaru Deep Field}",
      journal = {\mnras},
     keywords = {galaxies: individual: SDSS J132533.22+272246.7, galaxies: peculiar, galaxies: photometry, Astrophysics - Cosmology and Nongalactic Astrophysics},
         year = 2011,
        month = mar,
       volume = {412},
       number = {1},
        pages = {208-212},
          doi = {10.1111/j.1365-2966.2010.17899.x},
archivePrefix = {arXiv},
       eprint = {1012.2116},
 primaryClass = {astro-ph.CO},
       adsurl = {https://ui.adsabs.harvard.edu/abs/2011MNRAS.412..208F},
      adsnote = {Provided by the SAO/NASA Astrophysics Data System}
}

@ARTICLE{2012MNRAS.422.2386F,
       author = {{Finkelman}, Ido and {Funes}, Jos{\'e} G. and {Brosch}, Noah},
        title = "{Polar ring galaxies in the Galaxy Zoo}",
      journal = {\mnras},
     keywords = {galaxies: peculiar, Astrophysics - Cosmology and Nongalactic Astrophysics},
         year = 2012,
        month = may,
       volume = {422},
       number = {3},
        pages = {2386-2398},
          doi = {10.1111/j.1365-2966.2012.20790.x},
archivePrefix = {arXiv},
       eprint = {1202.5033},
 primaryClass = {astro-ph.CO},
       adsurl = {https://ui.adsabs.harvard.edu/abs/2012MNRAS.422.2386F},
      adsnote = {Provided by the SAO/NASA Astrophysics Data System}
}

@INPROCEEDINGS{1991wdir.conf..112R,
       author = {{Rix}, H.~W. and {Katz}, N.},
        title = "{Formation of Polar Rings}",
    booktitle = {Warped Disks and Inclined Rings around Galaxies},
         year = 1991,
        month = jan,
        pages = {112},
       adsurl = {https://ui.adsabs.harvard.edu/abs/1991wdir.conf..112R},
      adsnote = {Provided by the SAO/NASA Astrophysics Data System}
}

@ARTICLE{1992ApJ...389L..55K,
       author = {{Katz}, Neal and {Rix}, Hans-Walter},
        title = "{Cooling and the Longevity of Polar Rings}",
      journal = {\apjl},
     keywords = {Galactic Evolution, Ionized Gases, Neutral Gases, Polar Orbits, Radiant Cooling, Angular Momentum, Gas Temperature, Hydrodynamic Equations, Astrophysics, GALAXIES: FORMATION, GALAXIES: KINEMATICS AND DYNAMICS, HYDRODYNAMICS, METHODS: NUMERICAL},
         year = 1992,
        month = apr,
       volume = {389},
        pages = {L55},
          doi = {10.1086/186347},
       adsurl = {https://ui.adsabs.harvard.edu/abs/1992ApJ...389L..55K},
      adsnote = {Provided by the SAO/NASA Astrophysics Data System}
}

@ARTICLE{2006ApJ...636L..25M,
       author = {{Macci{\`o}}, Andrea V. and {Moore}, Ben and {Stadel}, Joachim},
        title = "{The Origin of Polar Ring Galaxies: Evidence for Galaxy Formation by Cold Accretion}",
      journal = {\apjl},
     keywords = {Cosmology: Theory, Galaxies: Formation, Methods: Numerical, Astrophysics},
         year = 2006,
        month = jan,
       volume = {636},
       number = {1},
        pages = {L25-L28},
          doi = {10.1086/499778},
archivePrefix = {arXiv},
       eprint = {astro-ph/0509471},
 primaryClass = {astro-ph},
       adsurl = {https://ui.adsabs.harvard.edu/abs/2006ApJ...636L..25M},
      adsnote = {Provided by the SAO/NASA Astrophysics Data System}
}

@ARTICLE{2019MNRAS.485..464L,
       author = {{Liao}, Shihong and {Gao}, Liang},
        title = "{Impact of filaments on galaxy formation in their residing dark matter haloes}",
      journal = {\mnras},
     keywords = {methods: numerical, Galaxy: formation, Galaxy: halo, Astrophysics - Astrophysics of Galaxies},
         year = 2019,
        month = may,
       volume = {485},
       number = {1},
        pages = {464-473},
          doi = {10.1093/mnras/stz441},
archivePrefix = {arXiv},
       eprint = {1805.10944},
 primaryClass = {astro-ph.GA},
       adsurl = {https://ui.adsabs.harvard.edu/abs/2019MNRAS.485..464L},
      adsnote = {Provided by the SAO/NASA Astrophysics Data System}
}

@ARTICLE{2021MNRAS.504.5702W,
       author = {{Wright}, Ruby J. and {Lagos}, Claudia del P. and {Power}, Chris and {Correa}, Camila A.},
        title = "{Revealing the physical properties of gas accreting to haloes in the EAGLE simulations}",
      journal = {\mnras},
     keywords = {galaxies: evolution, galaxies: formation, galaxies: haloes, Astrophysics - Astrophysics of Galaxies},
         year = 2021,
        month = jul,
       volume = {504},
       number = {4},
        pages = {5702-5725},
          doi = {10.1093/mnras/stab1057},
archivePrefix = {arXiv},
       eprint = {2102.10913},
 primaryClass = {astro-ph.GA},
       adsurl = {https://ui.adsabs.harvard.edu/abs/2021MNRAS.504.5702W},
      adsnote = {Provided by the SAO/NASA Astrophysics Data System}
}

@ARTICLE{2018A&A...614A.143M,
       author = {{Morales}, Gustavo and {Mart{\'\i}nez-Delgado}, David and {Grebel}, Eva K. and {Cooper}, Andrew P. and {Javanmardi}, Behnam and {Miskolczi}, Arpad},
        title = "{Systematic search for tidal features around nearby galaxies. I. Enhanced SDSS imaging of the Local Volume}",
      journal = {\aap},
     keywords = {methods: observational, techniques: image processing, galaxies: formation, galaxies: evolution, galaxies: structure, galaxies: halos, Astrophysics - Astrophysics of Galaxies},
         year = 2018,
        month = jun,
       volume = {614},
          eid = {A143},
        pages = {A143},
          doi = {10.1051/0004-6361/201732271},
archivePrefix = {arXiv},
       eprint = {1804.03330},
 primaryClass = {astro-ph.GA},
       adsurl = {https://ui.adsabs.harvard.edu/abs/2018A&A...614A.143M},
      adsnote = {Provided by the SAO/NASA Astrophysics Data System}
}

@ARTICLE{2015MNRAS.446..120D,
       author = {{Duc}, Pierre-Alain and {Cuillandre}, Jean-Charles and {Karabal}, Emin and {Cappellari}, Michele and {Alatalo}, Katherine and {Blitz}, Leo and {Bournaud}, Fr{\'e}d{\'e}ric and {Bureau}, Martin and {Crocker}, Alison F. and {Davies}, Roger L. and {Davis}, Timothy A. and {de Zeeuw}, P.~T. and {Emsellem}, Eric and {Khochfar}, Sadegh and {Krajnovi{\'c}}, Davor and {Kuntschner}, Harald and {McDermid}, Richard M. and {Michel-Dansac}, Leo and {Morganti}, Raffaella and {Naab}, Thorsten and {Oosterloo}, Tom and {Paudel}, Sanjaya and {Sarzi}, Marc and {Scott}, Nicholas and {Serra}, Paolo and {Weijmans}, Anne-Marie and {Young}, Lisa M.},
        title = "{The ATLAS$^{3D}$ project - XXIX. The new look of early-type galaxies and surrounding fields disclosed by extremely deep optical images}",
      journal = {\mnras},
     keywords = {techniques: photometric, galaxies: elliptical and lenticular, cD, galaxies: interactions, galaxies: photometry, galaxies: stellar content, Astrophysics - Astrophysics of Galaxies},
         year = 2015,
        month = jan,
       volume = {446},
       number = {1},
        pages = {120-143},
          doi = {10.1093/mnras/stu2019},
archivePrefix = {arXiv},
       eprint = {1410.0981},
 primaryClass = {astro-ph.GA},
       adsurl = {https://ui.adsabs.harvard.edu/abs/2015MNRAS.446..120D},
      adsnote = {Provided by the SAO/NASA Astrophysics Data System}
}

@ARTICLE{2022MNRAS.516.3692S,
       author = {{Smirnov}, Daniil V. and {Reshetnikov}, Vladimir P.},
        title = "{The luminosity function of ringed galaxies}",
      journal = {\mnras},
     keywords = {galaxies: evolution, galaxies: interactions, galaxies: peculiar, galaxies: statistics, Astrophysics - Astrophysics of Galaxies},
         year = 2022,
        month = nov,
       volume = {516},
       number = {3},
        pages = {3692-3700},
          doi = {10.1093/mnras/stac2549},
archivePrefix = {arXiv},
       eprint = {2209.06875},
 primaryClass = {astro-ph.GA},
       adsurl = {https://ui.adsabs.harvard.edu/abs/2022MNRAS.516.3692S},
      adsnote = {Provided by the SAO/NASA Astrophysics Data System}
}

@ARTICLE{2009ApJS..182..543A,
       author = {{Abazajian}, Kevork N. and {Adelman-McCarthy}, Jennifer K. and {Ag{\"u}eros}, Marcel A. and {Allam}, Sahar S. and {Allende Prieto}, Carlos and {An}, Deokkeun and {Anderson}, Kurt S.~J. and {Anderson}, Scott F. and {Annis}, James and {Bahcall}, Neta A. and {Bailer-Jones}, C.~A.~L. and {Barentine}, J.~C. and {Bassett}, Bruce A. and {Becker}, Andrew C. and {Beers}, Timothy C. and {Bell}, Eric F. and {Belokurov}, Vasily and {Berlind}, Andreas A. and {Berman}, Eileen F. and {Bernardi}, Mariangela and {Bickerton}, Steven J. and {Bizyaev}, Dmitry and {Blakeslee}, John P. and {Blanton}, Michael R. and {Bochanski}, John J. and {Boroski}, William N. and {Brewington}, Howard J. and {Brinchmann}, Jarle and {Brinkmann}, J. and {Brunner}, Robert J. and {Budav{\'a}ri}, Tam{\'a}s and {Carey}, Larry N. and {Carliles}, Samuel and {Carr}, Michael A. and {Castander}, Francisco J. and {Cinabro}, David and {Connolly}, A.~J. and {Csabai}, Istv{\'a}n and {Cunha}, Carlos E. and {Czarapata}, Paul C. and {Davenport}, James R.~A. and {de Haas}, Ernst and {Dilday}, Ben and {Doi}, Mamoru and {Eisenstein}, Daniel J. and {Evans}, Michael L. and {Evans}, N.~W. and {Fan}, Xiaohui and {Friedman}, Scott D. and {Frieman}, Joshua A. and {Fukugita}, Masataka and {G{\"a}nsicke}, Boris T. and {Gates}, Evalyn and {Gillespie}, Bruce and {Gilmore}, G. and {Gonzalez}, Belinda and {Gonzalez}, Carlos F. and {Grebel}, Eva K. and {Gunn}, James E. and {Gy{\"o}ry}, Zsuzsanna and {Hall}, Patrick B. and {Harding}, Paul and {Harris}, Frederick H. and {Harvanek}, Michael and {Hawley}, Suzanne L. and {Hayes}, Jeffrey J.~E. and {Heckman}, Timothy M. and {Hendry}, John S. and {Hennessy}, Gregory S. and {Hindsley}, Robert B. and {Hoblitt}, J. and {Hogan}, Craig J. and {Hogg}, David W. and {Holtzman}, Jon A. and {Hyde}, Joseph B. and {Ichikawa}, Shin-ichi and {Ichikawa}, Takashi and {Im}, Myungshin and {Ivezi{\'c}}, {\v{Z}}eljko and {Jester}, Sebastian and {Jiang}, Linhua and {Johnson}, Jennifer A. and {Jorgensen}, Anders M. and {Juri{\'c}}, Mario and {Kent}, Stephen M. and {Kessler}, R. and {Kleinman}, S.~J. and {Knapp}, G.~R. and {Konishi}, Kohki and {Kron}, Richard G. and {Krzesinski}, Jurek and {Kuropatkin}, Nikolay and {Lampeitl}, Hubert and {Lebedeva}, Svetlana and {Lee}, Myung Gyoon and {Lee}, Young Sun and {French Leger}, R. and {L{\'e}pine}, S{\'e}bastien and {Li}, Nolan and {Lima}, Marcos and {Lin}, Huan and {Long}, Daniel C. and {Loomis}, Craig P. and {Loveday}, Jon and {Lupton}, Robert H. and {Magnier}, Eugene and {Malanushenko}, Olena and {Malanushenko}, Viktor and {Mandelbaum}, Rachel and {Margon}, Bruce and {Marriner}, John P. and {Mart{\'\i}nez-Delgado}, David and {Matsubara}, Takahiko and {McGehee}, Peregrine M. and {McKay}, Timothy A. and {Meiksin}, Avery and {Morrison}, Heather L. and {Mullally}, Fergal and {Munn}, Jeffrey A. and {Murphy}, Tara and {Nash}, Thomas and {Nebot}, Ada and {Neilsen}, Eric H., Jr. and {Newberg}, Heidi Jo and {Newman}, Peter R. and {Nichol}, Robert C. and {Nicinski}, Tom and {Nieto-Santisteban}, Maria and {Nitta}, Atsuko and {Okamura}, Sadanori and {Oravetz}, Daniel J. and {Ostriker}, Jeremiah P. and {Owen}, Russell and {Padmanabhan}, Nikhil and {Pan}, Kaike and {Park}, Changbom and {Pauls}, George and {Peoples}, John, Jr. and {Percival}, Will J. and {Pier}, Jeffrey R. and {Pope}, Adrian C. and {Pourbaix}, Dimitri and {Price}, Paul A. and {Purger}, Norbert and {Quinn}, Thomas and {Raddick}, M. Jordan and {Re Fiorentin}, Paola and {Richards}, Gordon T. and {Richmond}, Michael W. and {Riess}, Adam G. and {Rix}, Hans-Walter and {Rockosi}, Constance M. and {Sako}, Masao and {Schlegel}, David J. and {Schneider}, Donald P. and {Scholz}, Ralf-Dieter and {Schreiber}, Matthias R. and {Schwope}, Axel D. and {Seljak}, Uro{\v{s}} and {Sesar}, Branimir and {Sheldon}, Erin and {Shimasaku}, Kazu and {Sibley}, Valena C. and {Simmons}, A.~E. and {Sivarani}, Thirupathi and {Allyn Smith}, J. and {Smith}, Martin C. and {Smol{\v{c}}i{\'c}}, Vernesa and {Snedden}, Stephanie A. and {Stebbins}, Albert and {Steinmetz}, Matthias and {Stoughton}, Chris and {Strauss}, Michael A. and {SubbaRao}, Mark and {Suto}, Yasushi and {Szalay}, Alexander S. and {Szapudi}, Istv{\'a}n and {Szkody}, Paula and {Tanaka}, Masayuki and {Tegmark}, Max and {Teodoro}, Luis F.~A. and {Thakar}, Aniruddha R. and {Tremonti}, Christy A. and {Tucker}, Douglas L. and {Uomoto}, Alan and {Vanden Berk}, Daniel E. and {Vandenberg}, Jan and {Vidrih}, S. and {Vogeley}, Michael S. and {Voges}, Wolfgang and {Vogt}, Nicole P. and {Wadadekar}, Yogesh and {Watters}, Shannon and {Weinberg}, David H. and {West}, Andrew A. and {White}, Simon D.~M. and {Wilhite}, Brian C. and {Wonders}, Alainna C. and {Yanny}, Brian and {Yocum}, D.~R. and {York}, Donald G. and {Zehavi}, Idit and {Zibetti}, Stefano and {Zucker}, Daniel B.},
        title = "{The Seventh Data Release of the Sloan Digital Sky Survey}",
      journal = {\apjs},
     keywords = {atlases, catalogs, surveys, Astrophysics},
         year = 2009,
        month = jun,
       volume = {182},
       number = {2},
        pages = {543-558},
          doi = {10.1088/0067-0049/182/2/543},
archivePrefix = {arXiv},
       eprint = {0812.0649},
 primaryClass = {astro-ph},
       adsurl = {https://ui.adsabs.harvard.edu/abs/2009ApJS..182..543A},
      adsnote = {Provided by the SAO/NASA Astrophysics Data System}
}

@ARTICLE{2010MNRAS.405.1409C,
       author = {{Chilingarian}, Igor V. and {Melchior}, Anne-Laure and {Zolotukhin}, Ivan Yu.},
        title = "{Analytical approximations of K-corrections in optical and near-infrared bands}",
      journal = {\mnras},
     keywords = {galaxies: evolution, galaxies: fundamental parameters, galaxies: photometry, galaxies: stellar content, Astrophysics - Instrumentation and Methods for Astrophysics, Astrophysics - Cosmology and Nongalactic Astrophysics},
         year = 2010,
        month = jul,
       volume = {405},
       number = {3},
        pages = {1409-1420},
          doi = {10.1111/j.1365-2966.2010.16506.x},
archivePrefix = {arXiv},
       eprint = {1002.2360},
 primaryClass = {astro-ph.IM},
       adsurl = {https://ui.adsabs.harvard.edu/abs/2010MNRAS.405.1409C},
      adsnote = {Provided by the SAO/NASA Astrophysics Data System}
}

@ARTICLE{2012MNRAS.419.1727C,
       author = {{Chilingarian}, Igor V. and {Zolotukhin}, Ivan Yu.},
        title = "{A universal ultraviolet-optical colour-colour-magnitude relation of galaxies}",
      journal = {\mnras},
     keywords = {galaxies: distances and redshifts, galaxies: photometry, galaxies: stellar content, Astrophysics - Cosmology and Nongalactic Astrophysics, Astrophysics - Instrumentation and Methods for Astrophysics},
         year = 2012,
        month = jan,
       volume = {419},
       number = {2},
        pages = {1727-1739},
          doi = {10.1111/j.1365-2966.2011.19837.x},
archivePrefix = {arXiv},
       eprint = {1102.1159},
 primaryClass = {astro-ph.CO},
       adsurl = {https://ui.adsabs.harvard.edu/abs/2012MNRAS.419.1727C},
      adsnote = {Provided by the SAO/NASA Astrophysics Data System}
}

@ARTICLE{1998ApJ...500..525S,
       author = {{Schlegel}, David J. and {Finkbeiner}, Douglas P. and {Davis}, Marc},
        title = "{Maps of Dust Infrared Emission for Use in Estimation of Reddening and Cosmic Microwave Background Radiation Foregrounds}",
      journal = {\apj},
     keywords = {COSMOLOGY: DIFFUSE RADIATION, COSMOLOGY: COSMIC MICROWAVE BACKGROUND, ISM: DUST, EXTINCTION, INTERPLANETARY MEDIUM, INFRARED: ISM: CONTINUUM, Cosmology: Cosmic Microwave Background, Cosmology: Diffuse Radiation, ISM: Dust, Extinction, Infrared: ISM: Continuum, Interplanetary Medium, Astrophysics},
         year = 1998,
        month = jun,
       volume = {500},
       number = {2},
        pages = {525-553},
          doi = {10.1086/305772},
archivePrefix = {arXiv},
       eprint = {astro-ph/9710327},
 primaryClass = {astro-ph},
       adsurl = {https://ui.adsabs.harvard.edu/abs/1998ApJ...500..525S},
      adsnote = {Provided by the SAO/NASA Astrophysics Data System}
}

@ARTICLE{2011ApJ...737..103S,
       author = {{Schlafly}, Edward F. and {Finkbeiner}, Douglas P.},
        title = "{Measuring Reddening with Sloan Digital Sky Survey Stellar Spectra and Recalibrating SFD}",
      journal = {\apj},
     keywords = {dust, extinction, Galaxy: stellar content, ISM: clouds, Astrophysics - Galaxy Astrophysics},
         year = 2011,
        month = aug,
       volume = {737},
       number = {2},
          eid = {103},
        pages = {103},
          doi = {10.1088/0004-637X/737/2/103},
archivePrefix = {arXiv},
       eprint = {1012.4804},
 primaryClass = {astro-ph.GA},
       adsurl = {https://ui.adsabs.harvard.edu/abs/2011ApJ...737..103S},
      adsnote = {Provided by the SAO/NASA Astrophysics Data System}
}

@ARTICLE{2019MNRAS.483.1470R,
       author = {{Reshetnikov}, Vladimir P. and {Mosenkov}, Aleksandr V.},
        title = "{New candidates to polar-ring galaxies from the Sloan Digital Sky Survey}",
      journal = {\mnras},
     keywords = {galaxies: interactions, galaxies: peculiar, galaxies: statistics, Astrophysics - Astrophysics of Galaxies},
         year = 2019,
        month = feb,
       volume = {483},
       number = {2},
        pages = {1470-1480},
          doi = {10.1093/mnras/sty3209},
archivePrefix = {arXiv},
       eprint = {1811.10222},
 primaryClass = {astro-ph.GA},
       adsurl = {https://ui.adsabs.harvard.edu/abs/2019MNRAS.483.1470R},
      adsnote = {Provided by the SAO/NASA Astrophysics Data System}
}


@ARTICLE{2009ApJ...696L...6S,
       author = {{Stanonik}, K. and {Platen}, E. and {Arag{\'o}n-Calvo}, M.~A. and {van Gorkom}, J.~H. and {van de Weygaert}, R. and {van der Hulst}, J.~M. and {Peebles}, P.~J.~E.},
        title = "{Polar Disk Galaxy Found in Wall Between Voids}",
      journal = {\apjl},
     keywords = {galaxies: evolution, galaxies: formation, galaxies: kinematics and dynamics, galaxies: structure, large-scale structure of universe, radio lines: galaxies, Astrophysics - Cosmology and Extragalactic Astrophysics},
         year = 2009,
        month = may,
       volume = {696},
       number = {1},
        pages = {L6-L9},
          doi = {10.1088/0004-637X/696/1/L6},
archivePrefix = {arXiv},
       eprint = {0903.2325},
 primaryClass = {astro-ph.CO},
       adsurl = {https://ui.adsabs.harvard.edu/abs/2009ApJ...696L...6S},
      adsnote = {Provided by the SAO/NASA Astrophysics Data System}
}

@ARTICLE{2006A&A...451...99B,
       author = {{Battinelli}, P. and {Demers}, S. and {Kunkel}, W.~E.},
        title = "{Photometric survey of the polar ring galaxy NGC 6822}",
      journal = {\aap},
     keywords = {Astrophysics},
         year = 2006,
        month = may,
       volume = {451},
       number = {1},
        pages = {99-108},
          doi = {10.1051/0004-6361:20054718},
archivePrefix = {arXiv},
       eprint = {astro-ph/0603558},
 primaryClass = {astro-ph},
       adsurl = {https://ui.adsabs.harvard.edu/abs/2006A&A...451...99B},
      adsnote = {Provided by the SAO/NASA Astrophysics Data System}
}


@ARTICLE{2023MNRAS.525.4663D,
       author = {{Deg}, N. and {Palleske}, R. and {Spekkens}, K. and {Wang}, J. and {Jarrett}, T. and {English}, J. and {Lin}, X. and {Yeung}, J. and {Mould}, J.~R. and {Catinella}, B. and {D{\'e}nes}, H. and {Elagali}, A. and {For}, B. -Q. and {Kamphuis}, P. and {Koribalski}, B.~S. and {Lee-Waddell}, K. and {Murugeshan}, C. and {Oh}, S. and {Rhee}, J. and {Serra}, P. and {Westmeier}, T. and {Wong}, O.~I. and {Bekki}, K. and {Bosma}, A. and {Carignan}, C. and {Holwerda}, B.~W. and {Yu}, N.},
        title = "{WALLABY pilot survey: the potential polar ring galaxies NGC 4632 and NGC 6156}",
      journal = {\mnras},
     keywords = {galaxies: peculiar, radio lines: galaxies, Astrophysics - Astrophysics of Galaxies},
         year = 2023,
        month = nov,
       volume = {525},
       number = {3},
        pages = {4663-4684},
          doi = {10.1093/mnras/stad2312},
archivePrefix = {arXiv},
       eprint = {2309.05841},
 primaryClass = {astro-ph.GA},
       adsurl = {https://ui.adsabs.harvard.edu/abs/2023MNRAS.525.4663D},
      adsnote = {Provided by the SAO/NASA Astrophysics Data System}
}

@ARTICLE{2020ApJS..249....3A,
       author = {{Ahumada}, Romina and {Allende Prieto}, Carlos and {Almeida}, Andr{\'e}s and {Anders}, Friedrich and {Anderson}, Scott F. and {Andrews}, Brett H. and {Anguiano}, Borja and {Arcodia}, Riccardo and {Armengaud}, Eric and {Aubert}, Marie and {Avila}, Santiago and {Avila-Reese}, Vladimir and {Badenes}, Carles and {Balland}, Christophe and {Barger}, Kat and {Barrera-Ballesteros}, Jorge K. and {Basu}, Sarbani and {Bautista}, Julian and {Beaton}, Rachael L. and {Beers}, Timothy C. and {Benavides}, B. Izamar T. and {Bender}, Chad F. and {Bernardi}, Mariangela and {Bershady}, Matthew and {Beutler}, Florian and {Bidin}, Christian Moni and {Bird}, Jonathan and {Bizyaev}, Dmitry and {Blanc}, Guillermo A. and {Blanton}, Michael R. and {Boquien}, M{\'e}d{\'e}ric and {Borissova}, Jura and {Bovy}, Jo and {Brandt}, W.~N. and {Brinkmann}, Jonathan and {Brownstein}, Joel R. and {Bundy}, Kevin and {Bureau}, Martin and {Burgasser}, Adam and {Burtin}, Etienne and {Cano-D{\'\i}az}, Mariana and {Capasso}, Raffaella and {Cappellari}, Michele and {Carrera}, Ricardo and {Chabanier}, Sol{\`e}ne and {Chaplin}, William and {Chapman}, Michael and {Cherinka}, Brian and {Chiappini}, Cristina and {Doohyun Choi}, Peter and {Chojnowski}, S. Drew and {Chung}, Haeun and {Clerc}, Nicolas and {Coffey}, Damien and {Comerford}, Julia M. and {Comparat}, Johan and {da Costa}, Luiz and {Cousinou}, Marie-Claude and {Covey}, Kevin and {Crane}, Jeffrey D. and {Cunha}, Katia and {Ilha}, Gabriele da Silva and {Dai}, Yu Sophia and {Damsted}, Sanna B. and {Darling}, Jeremy and {Davidson}, James W., Jr. and {Davies}, Roger and {Dawson}, Kyle and {De}, Nikhil and {de la Macorra}, Axel and {De Lee}, Nathan and {Queiroz}, Anna B{\'a}rbara de Andrade and {Deconto Machado}, Alice and {de la Torre}, Sylvain and {Dell'Agli}, Flavia and {du Mas des Bourboux}, H{\'e}lion and {Diamond-Stanic}, Aleksandar M. and {Dillon}, Sean and {Donor}, John and {Drory}, Niv and {Duckworth}, Chris and {Dwelly}, Tom and {Ebelke}, Garrett and {Eftekharzadeh}, Sarah and {Davis Eigenbrot}, Arthur and {Elsworth}, Yvonne P. and {Eracleous}, Mike and {Erfanianfar}, Ghazaleh and {Escoffier}, Stephanie and {Fan}, Xiaohui and {Farr}, Emily and {Fern{\'a}ndez-Trincado}, Jos{\'e} G. and {Feuillet}, Diane and {Finoguenov}, Alexis and {Fofie}, Patricia and {Fraser-McKelvie}, Amelia and {Frinchaboy}, Peter M. and {Fromenteau}, Sebastien and {Fu}, Hai and {Galbany}, Llu{\'\i}s and {Garcia}, Rafael A. and {Garc{\'\i}a-Hern{\'a}ndez}, D.~A. and {Garma Oehmichen}, Luis Alberto and {Ge}, Junqiang and {Geimba Maia}, Marcio Antonio and {Geisler}, Doug and {Gelfand}, Joseph and {Goddy}, Julian and {Gonzalez-Perez}, Violeta and {Grabowski}, Kathleen and {Green}, Paul and {Grier}, Catherine J. and {Guo}, Hong and {Guy}, Julien and {Harding}, Paul and {Hasselquist}, Sten and {Hawken}, Adam James and {Hayes}, Christian R. and {Hearty}, Fred and {Hekker}, S. and {Hogg}, David W. and {Holtzman}, Jon A. and {Horta}, Danny and {Hou}, Jiamin and {Hsieh}, Bau-Ching and {Huber}, Daniel and {Hunt}, Jason A.~S. and {Ider Chitham}, J. and {Imig}, Julie and {Jaber}, Mariana and {Jimenez Angel}, Camilo Eduardo and {Johnson}, Jennifer A. and {Jones}, Amy M. and {J{\"o}nsson}, Henrik and {Jullo}, Eric and {Kim}, Yerim and {Kinemuchi}, Karen and {Kirkpatrick}, Charles C., IV and {Kite}, George W. and {Klaene}, Mark and {Kneib}, Jean-Paul and {Kollmeier}, Juna A. and {Kong}, Hui and {Kounkel}, Marina and {Krishnarao}, Dhanesh and {Lacerna}, Ivan and {Lan}, Ting-Wen and {Lane}, Richard R. and {Law}, David R. and {Le Goff}, Jean-Marc and {Leung}, Henry W. and {Lewis}, Hannah and {Li}, Cheng and {Lian}, Jianhui and {Lin}, Lihwai and {Long}, Dan and {Longa-Pe{\~n}a}, Pen{\'e}lope and {Lundgren}, Britt and {Lyke}, Brad W. and {Mackereth}, J. Ted and {MacLeod}, Chelsea L. and {Majewski}, Steven R. and {Manchado}, Arturo and {Maraston}, Claudia and {Martini}, Paul and {Masseron}, Thomas and {Masters}, Karen L. and {Mathur}, Savita and {McDermid}, Richard M. and {Merloni}, Andrea and {Merrifield}, Michael and {M{\'e}sz{\'a}ros}, Szabolcs and {Miglio}, Andrea and {Minniti}, Dante and {Minsley}, Rebecca and {Miyaji}, Takamitsu and {Mohammad}, Faizan Gohar and {Mosser}, Benoit and {Mueller}, Eva-Maria and {Muna}, Demitri and {Mu{\~n}oz-Guti{\'e}rrez}, Andrea and {Myers}, Adam D. and {Nadathur}, Seshadri and {Nair}, Preethi and {Nandra}, Kirpal and {Correa do Nascimento}, Janaina and {Nevin}, Rebecca Jean and {Newman}, Jeffrey A. and {Nidever}, David L. and {Nitschelm}, Christian and {Noterdaeme}, Pasquier and {O'Connell}, Julia E. and {Olmstead}, Matthew D. and {Oravetz}, Daniel and {Oravetz}, Audrey and {Osorio}, Yeisson and {Pace}, Zachary J. and {Padilla}, Nelson and {Palanque-Delabrouille}, Nathalie and {Palicio}, Pedro A. and {Pan}, Hsi-An and {Pan}, Kaike and {Parker}, James and {Paviot}, Romain and {Peirani}, Sebastien and {Ram{\'r}ez}, Karla Pe{\~n}a and {Penny}, Samantha and {Percival}, Will J. and {Perez-Fournon}, Ismael and {P{\'e}rez-R{\`a}fols}, Ignasi and {Petitjean}, Patrick and {Pieri}, Matthew M. and {Pinsonneault}, Marc and {Poovelil}, Vijith Jacob and {Povick}, Joshua Tyler and {Prakash}, Abhishek and {Price-Whelan}, Adrian M. and {Raddick}, M. Jordan and {Raichoor}, Anand and {Ray}, Amy and {Rembold}, Sandro Barboza and {Rezaie}, Mehdi and {Riffel}, Rogemar A. and {Riffel}, Rog{\'e}rio and {Rix}, Hans-Walter and {Robin}, Annie C. and {Roman-Lopes}, A. and {Rom{\'a}n-Z{\'u}{\~n}iga}, Carlos and {Rose}, Benjamin and {Ross}, Ashley J. and {Rossi}, Graziano and {Rowlands}, Kate and {Rubin}, Kate H.~R. and {Salvato}, Mara and {S{\'a}nchez}, Ariel G. and {S{\'a}nchez-Menguiano}, Laura and {S{\'a}nchez-Gallego}, Jos{\'e} R. and {Sayres}, Conor and {Schaefer}, Adam and {Schiavon}, Ricardo P. and {Schimoia}, Jaderson S. and {Schlafly}, Edward and {Schlegel}, David and {Schneider}, Donald P. and {Schultheis}, Mathias and {Schwope}, Axel and {Seo}, Hee-Jong and {Serenelli}, Aldo and {Shafieloo}, Arman and {Shamsi}, Shoaib Jamal and {Shao}, Zhengyi and {Shen}, Shiyin and {Shetrone}, Matthew and {Shirley}, Raphael and {Silva Aguirre}, V{\'\i}ctor and {Simon}, Joshua D. and {Skrutskie}, M.~F. and {Slosar}, An{\v{z}}e and {Smethurst}, Rebecca and {Sobeck}, Jennifer and {Sodi}, Bernardo Cervantes and {Souto}, Diogo and {Stark}, David V. and {Stassun}, Keivan G. and {Steinmetz}, Matthias and {Stello}, Dennis and {Stermer}, Julianna and {Storchi-Bergmann}, Thaisa and {Streblyanska}, Alina and {Stringfellow}, Guy S. and {Stutz}, Amelia and {Su{\'a}rez}, Genaro and {Sun}, Jing and {Taghizadeh-Popp}, Manuchehr and {Talbot}, Michael S. and {Tayar}, Jamie and {Thakar}, Aniruddha R. and {Theriault}, Riley and {Thomas}, Daniel and {Thomas}, Zak C. and {Tinker}, Jeremy and {Tojeiro}, Rita and {Toledo}, Hector Hernandez and {Tremonti}, Christy A. and {Troup}, Nicholas W. and {Tuttle}, Sarah and {Unda-Sanzana}, Eduardo and {Valentini}, Marica and {Vargas-Gonz{\'a}lez}, Jaime and {Vargas-Maga{\~n}a}, Mariana and {V{\'a}zquez-Mata}, Jose Antonio and {Vivek}, M. and {Wake}, David and {Wang}, Yuting and {Weaver}, Benjamin Alan and {Weijmans}, Anne-Marie and {Wild}, Vivienne and {Wilson}, John C. and {Wilson}, Robert F. and {Wolthuis}, Nathan and {Wood-Vasey}, W.~M. and {Yan}, Renbin and {Yang}, Meng and {Y{\`e}che}, Christophe and {Zamora}, Olga and {Zarrouk}, Pauline and {Zasowski}, Gail and {Zhang}, Kai and {Zhao}, Cheng and {Zhao}, Gongbo and {Zheng}, Zheng and {Zheng}, Zheng and {Zhu}, Guangtun and {Zou}, Hu},
        title = "{The 16th Data Release of the Sloan Digital Sky Surveys: First Release from the APOGEE-2 Southern Survey and Full Release of eBOSS Spectra}",
      journal = {\apjs},
     keywords = {Astronomy databases, Optical telescopes, Infrared astronomy, Redshift surveys, Galactic abundances, Stellar spectral lines, Stellar properties, 83, 1174, 786, 1378, 2002, 1630, 1624, Astrophysics - Astrophysics of Galaxies, Astrophysics - Cosmology and Nongalactic Astrophysics, Astrophysics - Instrumentation and Methods for Astrophysics},
         year = 2020,
        month = jul,
       volume = {249},
       number = {1},
          eid = {3},
        pages = {3},
          doi = {10.3847/1538-4365/ab929e},
archivePrefix = {arXiv},
       eprint = {1912.02905},
 primaryClass = {astro-ph.GA},
       adsurl = {https://ui.adsabs.harvard.edu/abs/2020ApJS..249....3A},
      adsnote = {Provided by the SAO/NASA Astrophysics Data System}
}

@ARTICLE{2020A&A...641A...6P,
       author = {{Planck Collaboration} and {Aghanim}, N. and {Akrami}, Y. and {Ashdown}, M. and {Aumont}, J. and {Baccigalupi}, C. and {Ballardini}, M. and {Banday}, A.~J. and {Barreiro}, R.~B. and {Bartolo}, N. and {Basak}, S. and {Battye}, R. and {Benabed}, K. and {Bernard}, J. -P. and {Bersanelli}, M. and {Bielewicz}, P. and {Bock}, J.~J. and {Bond}, J.~R. and {Borrill}, J. and {Bouchet}, F.~R. and {Boulanger}, F. and {Bucher}, M. and {Burigana}, C. and {Butler}, R.~C. and {Calabrese}, E. and {Cardoso}, J. -F. and {Carron}, J. and {Challinor}, A. and {Chiang}, H.~C. and {Chluba}, J. and {Colombo}, L.~P.~L. and {Combet}, C. and {Contreras}, D. and {Crill}, B.~P. and {Cuttaia}, F. and {de Bernardis}, P. and {de Zotti}, G. and {Delabrouille}, J. and {Delouis}, J. -M. and {Di Valentino}, E. and {Diego}, J.~M. and {Dor{\'e}}, O. and {Douspis}, M. and {Ducout}, A. and {Dupac}, X. and {Dusini}, S. and {Efstathiou}, G. and {Elsner}, F. and {En{\ss}lin}, T.~A. and {Eriksen}, H.~K. and {Fantaye}, Y. and {Farhang}, M. and {Fergusson}, J. and {Fernandez-Cobos}, R. and {Finelli}, F. and {Forastieri}, F. and {Frailis}, M. and {Fraisse}, A.~A. and {Franceschi}, E. and {Frolov}, A. and {Galeotta}, S. and {Galli}, S. and {Ganga}, K. and {G{\'e}nova-Santos}, R.~T. and {Gerbino}, M. and {Ghosh}, T. and {Gonz{\'a}lez-Nuevo}, J. and {G{\'o}rski}, K.~M. and {Gratton}, S. and {Gruppuso}, A. and {Gudmundsson}, J.~E. and {Hamann}, J. and {Handley}, W. and {Hansen}, F.~K. and {Herranz}, D. and {Hildebrandt}, S.~R. and {Hivon}, E. and {Huang}, Z. and {Jaffe}, A.~H. and {Jones}, W.~C. and {Karakci}, A. and {Keih{\"a}nen}, E. and {Keskitalo}, R. and {Kiiveri}, K. and {Kim}, J. and {Kisner}, T.~S. and {Knox}, L. and {Krachmalnicoff}, N. and {Kunz}, M. and {Kurki-Suonio}, H. and {Lagache}, G. and {Lamarre}, J. -M. and {Lasenby}, A. and {Lattanzi}, M. and {Lawrence}, C.~R. and {Le Jeune}, M. and {Lemos}, P. and {Lesgourgues}, J. and {Levrier}, F. and {Lewis}, A. and {Liguori}, M. and {Lilje}, P.~B. and {Lilley}, M. and {Lindholm}, V. and {L{\'o}pez-Caniego}, M. and {Lubin}, P.~M. and {Ma}, Y. -Z. and {Mac{\'\i}as-P{\'e}rez}, J.~F. and {Maggio}, G. and {Maino}, D. and {Mandolesi}, N. and {Mangilli}, A. and {Marcos-Caballero}, A. and {Maris}, M. and {Martin}, P.~G. and {Martinelli}, M. and {Mart{\'\i}nez-Gonz{\'a}lez}, E. and {Matarrese}, S. and {Mauri}, N. and {McEwen}, J.~D. and {Meinhold}, P.~R. and {Melchiorri}, A. and {Mennella}, A. and {Migliaccio}, M. and {Millea}, M. and {Mitra}, S. and {Miville-Desch{\^e}nes}, M. -A. and {Molinari}, D. and {Montier}, L. and {Morgante}, G. and {Moss}, A. and {Natoli}, P. and {N{\o}rgaard-Nielsen}, H.~U. and {Pagano}, L. and {Paoletti}, D. and {Partridge}, B. and {Patanchon}, G. and {Peiris}, H.~V. and {Perrotta}, F. and {Pettorino}, V. and {Piacentini}, F. and {Polastri}, L. and {Polenta}, G. and {Puget}, J. -L. and {Rachen}, J.~P. and {Reinecke}, M. and {Remazeilles}, M. and {Renzi}, A. and {Rocha}, G. and {Rosset}, C. and {Roudier}, G. and {Rubi{\~n}o-Mart{\'\i}n}, J.~A. and {Ruiz-Granados}, B. and {Salvati}, L. and {Sandri}, M. and {Savelainen}, M. and {Scott}, D. and {Shellard}, E.~P.~S. and {Sirignano}, C. and {Sirri}, G. and {Spencer}, L.~D. and {Sunyaev}, R. and {Suur-Uski}, A. -S. and {Tauber}, J.~A. and {Tavagnacco}, D. and {Tenti}, M. and {Toffolatti}, L. and {Tomasi}, M. and {Trombetti}, T. and {Valenziano}, L. and {Valiviita}, J. and {Van Tent}, B. and {Vibert}, L. and {Vielva}, P. and {Villa}, F. and {Vittorio}, N. and {Wandelt}, B.~D. and {Wehus}, I.~K. and {White}, M. and {White}, S.~D.~M. and {Zacchei}, A. and {Zonca}, A.},
        title = "{Planck 2018 results. VI. Cosmological parameters}",
      journal = {\aap},
     keywords = {cosmic background radiation, cosmological parameters, Astrophysics - Cosmology and Nongalactic Astrophysics},
         year = 2020,
        month = sep,
       volume = {641},
          eid = {A6},
        pages = {A6},
          doi = {10.1051/0004-6361/201833910},
archivePrefix = {arXiv},
       eprint = {1807.06209},
 primaryClass = {astro-ph.CO},
       adsurl = {https://ui.adsabs.harvard.edu/abs/2020A&A...641A...6P},
      adsnote = {Provided by the SAO/NASA Astrophysics Data System}
}



@ARTICLE{2011MNRAS.410..166L,
       author = {{Lintott}, Chris and {Schawinski}, Kevin and {Bamford}, Steven and {Slosar}, An{\r{a}}{\textthreequarters}e and {Land}, Kate and {Thomas}, Daniel and {Edmondson}, Edd and {Masters}, Karen and {Nichol}, Robert C. and {Raddick}, M. Jordan and {Szalay}, Alex and {Andreescu}, Dan and {Murray}, Phil and {Vandenberg}, Jan},
        title = "{Galaxy Zoo 1: data release of morphological classifications for nearly 900 000 galaxies}",
      journal = {\mnras},
     keywords = {methods: data analysis, galaxies: elliptical and lenticular, cD, galaxies: general, galaxies: spiral, Astrophysics - Galaxy Astrophysics, Astrophysics - Cosmology and Extragalactic Astrophysics},
         year = 2011,
        month = jan,
       volume = {410},
       number = {1},
        pages = {166-178},
          doi = {10.1111/j.1365-2966.2010.17432.x},
archivePrefix = {arXiv},
       eprint = {1007.3265},
 primaryClass = {astro-ph.GA},
       adsurl = {https://ui.adsabs.harvard.edu/abs/2011MNRAS.410..166L},
      adsnote = {Provided by the SAO/NASA Astrophysics Data System}
}

@article{2023arXiv231018597S,
    author = {Smirnov, Daniil V and Mosenkov, Aleksandr V and Reshetnikov, Vladimir P},
    title = "{Polar-ring galaxies in the Illustris TNG50 simulation}",
    journal = {Monthly Notices of the Royal Astronomical Society},
    volume = {527},
    number = {2},
    pages = {4112-4128},
    year = {2023},
    month = {11},
    abstract = "{Polar-ring galaxies (PRGs) are an outstanding example of galaxies with misaligned kinematics where a typically red central galaxy is surrounded by a large-scale ring or disc of stars, gas, and dust oriented almost perpendicular to the main body. It is believed that polar structures (PSs) are formed in a secondary event after the assembly of a central galaxy, but due to their scarcity, their formation paths are not well constrained yet. We present a study of PRGs from TNG50 cosmological simulations, focusing on the origin of their PSs. Based on the synthetic images and baryonic mass distribution, we found six galaxies with stellar polar rings. Using Supplementary Data Catalogues and available particle data, we confirm that the selected galaxies are direct analogues of real PRGs. In our sample, the PSs are a result of the close interaction between the host galaxy and its companion. We track two formation paths for the stellar polar rings in our sample: (i) star formation in the accreted gas and (ii) tidal disruption of the satellite’s stellar component. Rings formed during the first scenario are, on average, bluer and younger than ones formed due to the satellite disruption. We report a steady increase of the ring’s inclination around the two most massive galaxies across a few billion years with a rate of ≈8° Gyr−1. The formation of a PS in some cases can increase the nuclear activity of the central galaxy and/or turn the active nucleus off completely.}",
    issn = {0035-8711},
    doi = {10.1093/mnras/stad3368},
    url = {https://doi.org/10.1093/mnras/stad3368},
    eprint = {https://academic.oup.com/mnras/article-pdf/527/2/4112/53789070/stad3368.pdf},
}

@ARTICLE{2018MNRAS.473.4077P,
       author = {{Pillepich}, Annalisa and {Springel}, Volker and {Nelson}, Dylan and {Genel}, Shy and {Naiman}, Jill and {Pakmor}, R{\"u}diger and {Hernquist}, Lars and {Torrey}, Paul and {Vogelsberger}, Mark and {Weinberger}, Rainer and {Marinacci}, Federico},
        title = "{Simulating galaxy formation with the IllustrisTNG model}",
      journal = {\mnras},
     keywords = {methods: numerical, galaxies: evolution, galaxies: formation, Astrophysics - Astrophysics of Galaxies, Astrophysics - Cosmology and Nongalactic Astrophysics},
         year = 2018,
        month = jan,
       volume = {473},
       number = {3},
        pages = {4077-4106},
          doi = {10.1093/mnras/stx2656},
archivePrefix = {arXiv},
       eprint = {1703.02970},
 primaryClass = {astro-ph.GA},
       adsurl = {https://ui.adsabs.harvard.edu/abs/2018MNRAS.473.4077P},
      adsnote = {Provided by the SAO/NASA Astrophysics Data System}
}

@ARTICLE{1973ApJ...186..433H,
       author = {{Huchra}, J. and {Sargent}, W.~L.~W.},
        title = "{The space density of the Markarian galaxies including a region of the south galactic hemisphere.}",
      journal = {\apj},
         year = 1973,
        month = dec,
       volume = {186},
        pages = {433-443},
          doi = {10.1086/152510},
       adsurl = {https://ui.adsabs.harvard.edu/abs/1973ApJ...186..433H},
      adsnote = {Provided by the SAO/NASA Astrophysics Data System}
}

@ARTICLE{1986MNRAS.223....1C,
       author = {{Choloniewski}, Jacek},
        title = "{New method for the determination of the luminosity function of galaxies}",
      journal = {\mnras},
     keywords = {Galaxies, Luminosity, Nonparametric Statistics, Virgo Galactic Cluster, Astrophysics},
         year = 1986,
        month = nov,
       volume = {223},
        pages = {1-9},
          doi = {10.1093/mnras/223.1.1},
       adsurl = {https://ui.adsabs.harvard.edu/abs/1986MNRAS.223....1C},
      adsnote = {Provided by the SAO/NASA Astrophysics Data System}
}

